3570 5770
742 913 930 966 arrasum.
1299 905 1362 970 309

311 1125 409 1186 cessa,
440 1102 640 1191 expendidit.
687 1101 774 1168 Item
800 1100 947 1188 prefatus
971 1100 1094 1166 Locum
1120 1104 1237 1166 tenens
1261 1099 1365 1166 decla·

311 1205 401 1272 ravit
423 1206 587 1292 quomodo
610 1203 836 1271 serenissimus
858 1192 1020 1268 Dominu's
1042 1207 1152 1269 noster
1175 1201 1249 1268 Rex
1274 1199 1367 1266 misit

312 1328 370 1395 pro
392 1308 463 1395 ipso
486 1309 609 1372 Locum
631 1310 776 1385 tenente,
800 1311 839 1372 ut
869 1306 940 1393 ipsc
973 1305 1016 1371 ad
1038 1305 1239 1391 presenciam
1261 1303 1365 1390 ipsius

311 1410 448 1477 Domini
471 1409 570 1496 Regis
592 1407 732 1487 veniret,
756 1406 848 1492 cujus
871 1407 1029 1472 mandato
1044 1406 1114 1493 ipse
1145 1411 1281 1494 paratus
1303 1411 1363 1488 est,

312 1518 347 1580 et
370 1511 460 1579 omni
492 1517 639 1598 tempore
670 1515 807 1597 paratus
839 1531 909 1576 esse
931 1510 1015 1591 vult,
1047 1509 1188 1590 obedire,
1210 1513 1245 1576 et
1275 1509 1365 1576 omni

310 1614 525 1682 festinacione
546 1612 694 1700 possibili
717 1613 759 1678 ad
781 1613 982 1700 presenciam
997 1613 1101 1701 ipsius
1115 1611 1252 1679 Domini
1266 1611 1366 1698 Regis

313 1717 465 1784 accedere
480 1716 634 1782 intendit.
680 1714 808 1794 Quibus
823 1715 996 1782 declaratis
1010 1715 1099 1781 idem
1115 1714 1237 1782 Locum
1248 1717 1365 1779 tenens

314 1820 514 1886 desideravit
529 1842 550 1883 a
564 1818 720 1906 predictis
736 1818 889 1884 Dominis
912 1817 1150 1905 Spiritualibus
1164 1821 1200 1882 et
1226 1817 1366 1902 Tempo-

313 1923 446 2001 ralibus,
463 1921 646 2000 Generosis,
660 1921 800 1988 Civibus
816 1924 850 1987 et
864 1921 1098 2008 Burgensibus,
1114 1923 1154 1987 ut
1168 1920 1232 2008 ipsi
1257 1939 1366 1986 eoram

314 2025 459 2093 Consilio
482 2025 629 2112 predicto
652 2029 687 2090 et
717 2024 844 2111 prefato
868 2021 1014 2090 Roberto
1037 2024 1119 2110 quid
1141 2024 1178 2089 in
1200 2021 1367 2110 premissis

313 2126 477 2194 sentirent
510 2128 551 2192 de
584 2147 723 2214 persona
760 2147 820 2190 sua
853 2124 1012 2212 regimine
1046 2132 1081 2193 et
1119 2126 1266 2192 transitu
1299 2123 1366 2190 suis

314 2229 468 2297 dicerent.
516 2228 582 2310 Qui
597 2227 743 2308 Domini,
758 2227 924 2308 Generosi,
947 2249 985 2294 aa
1002 2229 1103 2295 ceteri
1119 2228 1217 2296 Cives
1232 2233 1267 2294 et
1281 2226 1366 2292 Bur·

314 2353 438 2420 genses,
454 2354 474 2397 a
489 2331 578 2397 dicto
600 2330 743 2396 Domino
766 2331 888 2396 Locum
912 2336 1047 2397 tenente
1069 2330 1239 2398 licenciam
1265 2329 1368 2417 petie·

314 2440 403 2513 runt,
426 2439 466 2500 ut
488 2434 531 2499 ad
553 2439 681 2520 partem
697 2434 738 2500 de
753 2432 917 2520 premissis
932 2432 1219 2512 communicarent,
1236 2432 1367 2518 etquid

316 2537 351 2600 in
374 2537 539 2624 premissis
561 2537 732 2615 sentirent,
748 2556 857 2602 coram
880 2536 969 2601 dicto
984 2535 1129 2602 Consilio
1145 2541 1179 2602 et
1196 2535 1285 2601 dicto
1301 2534 1367 2600 Ro·

316 2639 410 2706 berto
424 2639 592 2706 referrent.
641 2637 716 2720 Qui,
724 2642 801 2725 post
815 2638 968 2724 aliqualis
982 2639 1140 2724 temporis
1155 2637 1368 2704 intervallum

317 2741 451 2806 domum
461 2740 598 2807 Consilii
608 2739 707 2825 Regis
722 2739 903 2825 predictam
918 2739 1126 2818 reintrantes,
1137 2761 1196 2827 per
1206 2738 1230 2804 J
1230 2739 1368 2806 acobum

317 2841 459 2929 Alleync
481 2842 632 2920 militem,
657 2862 754 2906 suum
778 2841 1019 2928 prolocutorem
1041 2842 1208 2907 communi
1233 2863 1368 2907 assensu

318 2945 467 3023 electum,
483 2942 526 3008 ad
542 2943 680 3029 singula,
696 2947 736 3008 ut
752 2942 910 3029 sequitur,
928 2943 1055 3009 dabant
1077 2965 1277 3030 responsum.
1323 2943 1369 3009 llt

319 3046 408 3132 quod
423 3045 466 3110 ad
482 3045 634 3133 primurn,
650 3045 760 3111 dictus
774 3044 798 3111 J
799 3045 918 3112 acobus
932 3045 1073 3132 Allepme
1088 3045 1177 3112 dixit
1192 3047 1281 3133 quod
1296 3069 1368 3134 pre·

318 3149 400 3216 dicti
423 3146 562 3212 Domini
586 3147 781 3233 Spirituales
804 3153 839 3213 et
854 3148 1071 3235 Temporales,
1088 3149 1253 3228 Generosi,
1271 3149 1369 3216 Cives

318 3257 353 3318 et
374 3251 560 3338 Burgenses
582 3249 705 3330 dicant,
727 3251 817 3335 quod
838 3271 907 3316 nou
928 3256 1000 3316 erat
1022 3251 1141 3337 aliquis
1163 3251 1287 3317 ibidem
1312 3253 1371 3338 qui

318 3355 353 3418 in
384 3353 496 3438 aliquo
517 3354 674 3438 conqueri
696 3352 821 3438 poterit
843 3352 883 3418 de
912 3351 1059 3438 predicto
1083 3353 1205 3418 Locum
1228 3359 1371 3432 tenente,

320 3457 429 3523 setin
451 3459 523 3522 toto
554 3461 589 3522 et
618 3455 713 3541 plene
738 3453 965 3542 regredientur
986 3453 1050 3519 sibi
1074 3454 1197 3520 desua
1220 3455 1308 3521 bona
1337 3461 1372 3522 et

319 3559 465 3646 graciosa
496 3557 732 3634 dominacione,
765 3561 800 3622 et
834 3577 894 3622 aua
925 3555 1075 3622 laborosa
1103 3562 1188 3624 terre
1225 3558 1371 3644 predicte

320 3660 517 3740 defensione,
541 3666 576 3727 et
599 3660 688 3748 quod
709 3661 779 3746 ipse
801 3657 922 3746 populo
944 3663 1030 3724 terre
1052 3658 1198 3744 predicto
1228 3659 1371 3726 multum

320 3764 387 3830 fuit
409 3763 615 3830 necessarius.
662 3763 718 3828 Ad
740 3762 921 3828 seeundum
943 3761 1122 3827 articulum
1145 3761 1262 3828 dicunt
1291 3763 1372 3828 dicti
1431 3755 1435 3768 '

321 3865 467 3944 Domini,
493 3864 659 3943 Generosi,
684 3864 783 3932 Cives
806 3871 841 3932 et
864 3865 1064 3932 Communes
1090 3863 1185 3951 plene
1212 3870 1246 3931 et
1275 3865 1372 3952 plane

322 3968 410 4054 quod
425 3967 592 4054 predictus
607 3966 771 4034 Dominus
780 3967 902 4035 Locum
914 3972 1031 4033 teneus
1047 3989 1106 4053 pro
1122 3966 1272 4034 custodia
1286 3973 1373 4034 terre

322 4070 467 4157 predicte
490 4068 610 4135 habuit
631 4072 772 4157 grandes
795 4077 831 4138 et
853 4070 1026 4136 continuas
1048 4069 1176 4136 labores
1190 4069 1226 4136 in
1240 4091 1374 4158 corpore

321 4193 380 4238 suo
394 4170 528 4260 proprio
544 4171 743 4239 durantibus
759 4172 910 4239 terminis
933 4171 1053 4258 quibus
1083 4172 1119 4236 in
1143 4171 1241 4238 dictis
1260 4172 1373 4238 officiis

322 4274 424 4354 stetit,
449 4277 484 4339 et
506 4273 599 4339 ultra
620 4273 732 4340 omnia
753 4275 860 4355 vadia,
877 4295 939 4360 que
963 4295 984 4340 a
1007 4274 1140 4340 domino
1165 4274 1253 4363 Rege
1275 4276 1371 4362 cepit,

322 4397 360 4441 ac
383 4377 494 4440 omnia
516 4375 665 4442 subsidia
686 4397 745 4463 per
766 4377 925 4444 Dominos
950 4375 1147 4464 Spirituales
1173 4381 1208 4442 et
1233 4377 1372 4465 Tempo-

322 4477 407 4542 rales
430 4481 465 4542 et
487 4475 685 4543 Communes
707 4482 794 4544 terre
817 4479 961 4565 predicto
983 4479 1048 4544 sibi
1062 4499 1222 4557 concessa,
1238 4485 1272 4544 et
1287 4481 1373 4547 solu·

323 4578 450 4643 tionem
474 4577 615 4644 multam
631 4579 671 4645 de
694 4580 789 4646 bonis
812 4581 879 4646 suis
902 4582 1051 4668 propriis,
1067 4580 1110 4646 ad
1133 4580 1288 4648 honorem
1305 4583 1374 4649 Do-

325 4679 408 4744 mini
431 4679 530 4767 Regis
564 4686 600 4746 et
622 4681 844 4749 defensionem
876 4688 962 4749 terre
996 4683 1151 4770 predicte,
1175 4684 1379 4771 expendidit.

326 4779 382 4846 Ad
396 4781 539 4848 tercium
563 4782 737 4856 articulum
761 4784 842 4852 dicti
866 4786 1003 4852 Domini
1025 4785 1221 4873 spirituales
1235 4789 1270 4852 et
1284 4785 1380 4855 'l'em-
