3570 5770
445 921 510 989 294
876 921 1062 981 lrrnrnrx.

445 1120 586 1186 nimium
620 1120 822 1186 admirantes
855 1121 891 1184 et
923 1121 1093 1206 stupentes
1120 1117 1288 1198 dixerumt,
1311 1119 1399 1206 quod
1431 1139 1503 1186 non

446 1226 682 1311 cognoverunt,
720 1243 780 1288 nec
816 1221 937 1307 aliquis
981 1243 1095 1287 eorum
1133 1223 1297 1308 cognovit,
1335 1227 1396 1288 cut
1437 1245 1501 1289 un-

446 1347 546 1414 quam
575 1329 654 1391 cute
683 1325 843 1390 viderunt
872 1327 933 1389 eut
961 1323 1049 1388 vidit
1073 1323 1200 1388 dictum
1227 1325 1395 1411 signetum
1425 1347 1502 1391 cum

446 1429 535 1494 dicto
569 1427 711 1493 Ricardo
738 1425 893 1514 Wogsnn
927 1447 986 1491 seu
1019 1425 1131 1512 aliquo
1161 1425 1236 1490 elio.
1294 1427 1500 1514 Insuperque

446 1532 561 1598 eodem
582 1529 737 1596 vicesimo
759 1529 866 1616 primo
897 1527 983 1592 Julii
1012 1527 1136 1594 ibidem
1166 1526 1255 1593 infra
1278 1528 1406 1594 dictum
1429 1551 1500 1594 ess-

446 1639 536 1700 trum
566 1631 683 1697 habite
715 1630 876 1717 diligente
906 1634 941 1694 et
963 1633 1102 1718 urgente
1125 1633 1274 1694 tractatu
1302 1631 1391 1695 inter
1420 1653 1501 1696 eun·

446 1735 522 1801 dem
543 1733 666 1798 Locum
681 1737 853 1798 tenentem
875 1735 916 1796 et
927 1729 1112 1796 Concilium
1136 1731 1217 1796 dicti
1233 1731 1372 1797 Domini
1388 1733 1498 1819 Regis,

446 1836 589 1922 qualiter
611 1834 753 1901 officium
777 1833 973 1900 Cancellerii
995 1833 1083 1898 dicte
1106 1837 1192 1898 terre
1221 1855 1279 1920 per
1307 1834 1500 1920 hujusmodi

428 1975 429 1978 =
445 1937 625 2004 transitum
640 1937 744 2022 ipsius
760 1935 896 2001 Ricardi
910 1935 1065 2022 Wogsnn
1088 1939 1184 2000 extro
1206 1935 1354 2000 eumdem
1375 1939 1500 2006 terram

445 2039 596 2114 uocabat,
628 2038 670 2102 ob
701 2036 790 2123 quod
820 2037 957 2123 negocia
986 2041 1057 2100 tem
1089 2035 1227 2102 Domini
1255 2037 1363 2102 nostri
1397 2037 1501 2124 Regis

446 2163 547 2229 quem
561 2139 710 2227 portium
724 2140 760 2206 in
771 2137 976 2205 Cancellaria
991 2139 1372 2226 predictuprosequenda
1387 2145 1422 2204 et
1439 2161 1500 2204 ex-

445 2241 609 2330 pediendo
628 2262 703 2307 eum
726 2240 842 2306 eodem
857 2260 979 2327 magno
995 2239 1105 2326 sigillo
1128 2261 1149 2304 a
1166 2241 1239 2326 jam
1262 2237 1339 2304 diu¹
1358 2241 1501 2327 sigillari

445 2345 581 2411 minime
604 2346 794 2430 potuerunt,
809 2343 846 2407 in
868 2342 951 2406 dicti
973 2339 1109 2406 Domini
1132 2341 1233 2428 Regis
1255 2347 1290 2407 et
1312 2342 1419 2408 fidelis
1441 2366 1501 2430 po

444 2445 517 2534 puli
536 2445 589 2510 sui
605 2445 767 2510 Hibernis
784 2444 965 2530 dampnum
980 2463 1049 2508 non
1067 2443 1232 2510 modicum
1249 2449 1283 2509 et
1297 2465 1502 2530 gravamen3

445 2552 646 2635 quapropter
671 2547 773 2612 iidem
795 2546 917 2611 Locum
941 2549 1058 2610 tenens
1086 2551 1119 2610 et
1152 2545 1338 2611 Concilium
1360 2547 1500 2632 regium,

444 2648 598 2716 videntes
627 2647 773 2734 pericula
803 2669 866 2732 que
901 2645 990 2712 dicto
1024 2647 1169 2712 Domino
1201 2653 1317 2713 nostro
1347 2647 1433 2735 Regi
1464 2655 1501 2715 et

445 2751 535 2817 dicto
557 2751 678 2838 populo
701 2769 760 2815 suo
785 2749 821 2813 in
845 2747 907 2813 hac
933 2751 1027 2834 perte
1049 2747 1191 2814 feciliter
1212 2749 1340 2835 possint
1366 2751 1500 2817 evenire

443 2853 575 2918 racione
597 2853 839 2938 premissorum,
861 2871 924 2938 per¹
953 2850 1084 2915 eosdem
1116 2851 1238 2916 Locum
1261 2856 1432 2916 tenentem
1465 2859 1501 2918 et

445 2957 628 3027 Concilium
652 2955 1123 3022 secundumconsuetudinem
1138 2961 1225 3021 terre
1251 2957 1400 3043 predicte
1423 2979 1502 3024 con-

444 3059 616 3128 cordatum
639 3064 690 3122 est
713 3061 748 3123 et
770 3057 969 3136 ordinatum,
986 3057 1075 3142 quod
1099 3057 1262 3123 Ricardus
1285 3057 1501 3138 FitzEustes,

445 3159 550 3237 Miles,
562 3159 608 3224 sit
621 3157 842 3226 Concellsrius
858 3159 1005 3245 ejusdem
1021 3158 1157 3224 Domini
1171 3160 1278 3225 nostri
1294 3159 1395 3246 Regis
1410 3167 1501 3228 terre

444 3261 598 3349 predicte,
621 3259 813 3326 habendum
835 3267 871 3326 et
895 3261 1122 3349 occupandum
1145 3261 1288 3326 officium
1310 3263 1500 3350 predictum

444 3363 603 3450 quamdiu
618 3362 707 3428 dicto
723 3361 867 3426 Domino
882 3367 997 3427 nostro
1020 3363 1106 3450 Regi
1127 3363 1297 3451 placuerit,
1315 3365 1500 3452 percipien-

443 3465 523 3530 dum
540 3465 580 3530 de
599 3463 712 3530 eodem
729 3463 873 3529 Domino
895 3468 1010 3540 nostro
1034 3463 1123 3552 Rege
1142 3466 1316 3531 annuatim
1338 3465 1376 3530 in
1391 3465 1500 3536 officio

442 3565 501 3632 illo
531 3566 632 3633 vedio
663 3570 697 3631 et
726 3565 821 3631 feoda
849 3564 956 3630 eidem
986 3565 1090 3631 officio
1122 3567 1236 3632 debita
1265 3573 1300 3632 et
1331 3575 1499 3638 consuete

443 3668 489 3735 Et
510 3668 598 3754 quod
620 3687 718 3755 super
739 3666 801 3732 hoo
822 3667 918 3734 litere
934 3666 1071 3732 Domini
1090 3669 1197 3734 nostri
1220 3669 1320 3756 Regis
1343 3675 1501 3757 patentes

441 3769 478 3834 in
492 3770 598 3835 formu
621 3769 734 3835 debite
756 3768 817 3834 sub
839 3767 947 3855 sigillo
970 3770 1118 3856 predicto
1136 3771 1241 3835 eidem
1259 3770 1401 3836 Ricsrdo
1417 3773 1501 3839 Fitz

442 3870 583 3937 Eustoce
607 3869 699 3950 fiunt,
718 3874 754 3935 et
776 3870 864 3955 quod
887 3869 1045 3957 premisso
1066 3871 1102 3935 in
1120 3871 1324 3938 Concellaris
1345 3875 1501 3960 predicte

441 3972 666 4051 irrotulentur‚
690 3975 730 4037 ut
750 3972 874 4038 ibidem
896 3972 982 4038 fient
1001 3973 1154 4038 similiter
1169 3973 1209 4039 de
1233 3975 1376 4042 recordo.
1422 3976 1458 4042 N
1460 4001 1500 4044 os

441 4078 553 4140 autem
576 4074 825 4139 memorandum
840 4074 1026 4160 predictum
1047 4074 1092 4140 sd
1106 4075 1499 4166 requisicionemprefsti

441 4174 564 4242 Locum
594 4181 743 4241 nostrum
773 4175 920 4240 tenentis
955 4179 1066 4242 tenore
1096 4178 1299 4264 presencium
1337 4179 1500 4249 duximus

440 4277 759 4365 exemplificnndum.
805 4278 846 4343 In
866 4277 958 4363 cujus
980 4279 1029 4345 rei
1047 4281 1275 4346 testimonium
1297 4281 1357 4346 has
1378 4283 1499 4353 literas

440 4385 570 4445 nostres
602 4379 674 4444 fieri
705 4377 842 4445 fecimus
875 4384 1037 4466 petentes.
1082 4381 1180 4448 Teste
1209 4382 1338 4469 pretato
1369 4383 1499 4454 Locum

439 4486 753 4556 nostrumtenents
776 4483 865 4567 apud
884 4482 1082 4548 Dublinium
1107 4485 1249 4550 secundo
1276 4483 1330 4549 die
1346 4487 1499 4575 Augusti

439 4605 527 4649 enno
549 4585 644 4671 regni
666 4583 773 4650 nostri
795 4583 974 4650 vicesimo?

459 4753 558 4806 ¹Thesc
569 4754 937 4820 wordscreindirtinoflywrit·
1022 4755 1179 4808 ²Endorscd
1201 4755 1228 4806 in
1256 4771 1272 4808 e
1300 4765 1499 4830 contemporary

438 4840 482 4883 ten
498 4831 526 4882 in
541 4833 584 4884 the
606 4833 673 4894 MS..
692 4835 743 4885 end
757 4847 804 4885 run
822 4833 938 4902 together
968 4833 1068 4886 tend:
1086 4838 1100 4866 “
1111 4835 1291 4887 Aeduorum
1311 4854 1398 4889 verm
1419 4840 1500 4904 C.‚et

438 4911 676 4974 thus‚“atcmdiu.”
988 4911 1092 4966 “litera
1122 4913 1152 4966 C.
1181 4913 1288 4966 Domino
1319 4915 1386 4983 Reos
1413 4926 1499 4972 σακε-
