3570 5770
740 915 928 966 Arrnuonr.
1292 897 1358 968 29⁷

309 1101 415 1167 οἰοοο1
449 1101 653 1168 cancellarie
695 1101 841 1187 predicte
874 1099 1000 1187 poterit
1030 1101 1173 1166 extitere
1206 1099 1358 1176 officium,

308 1204 452 1290 sigillum
477 1225 631 1290 magnum
657 1204 783 1290 regium
806 1208 893 1268 teme
908 1202 1053 1288 predicte
1068 1203 1191 1267 edicto
1214 1201 1359 1267 Domino

310 1305 433 1370 Locum
471 1308 606 1370 tenente
645 1303 822 1369 deliberari
860 1303 1070 1369 desideravit.
1133 1303 1232 1369 Unde
1270 1303 1358 1368 idem

309 1405 471 1472 Dominus
501 1408 623 1472 Locum
654 1411 774 1472 tenens
796 1406 1015 1492 interrogavit
1038 1406 1164 1471 dietum
1187 1404 1358 1490 Archiepi-

309 1529 453 1594 scopum,
477 1529 521 1572 sn
550 1514 794 1573 sacromentum
824 1507 1011 1594 prestiterit
1033 1508 1123 1572 dioto
1146 1506 1252 1572 officio
1281 1528 1358 1572 οοη-

307 1632 436 1696 gruum,
452 1631 555 1694 quum
579 1609 854 1696 Arohiepiseopus
877 1609 1108 1694 respondebat,
1131 1610 1218 1694 quod
1234 1607 1302 1685 sio,2
1325 1613 1360 1672 et

308 1712 398 1778 ultra
431 1710 492 1776 hoe
529 1711 626 1788 dixit,
659 1711 747 1797 quod
782 1715 1025 1776 sacromentum
1059 1732 1156 1775 suum
1187 1715 1260 1775 eret
1296 1707 1359 1774 (1οθ

309 1811 442 1877 reoordo
464 1813 501 1876 in
524 1811 730 1877 Cuncelleris
752 1812 834 1877 dicti
856 1812 993 1876 Domini
1013 1813 1120 1878 nostri
1143 1811 1243 1898 Regis
1272 1815 1360 1876 terre

309 1934 366 1978 sue
403 1913 555 2001 predicte.
617 1914 711 1979 Tune
749 1914 856 1979 dictus
891 1913 1054 1978 Dominus
1086 1913 1211 1978 Locum
1244 1919 1374 1978 tenens*

308 2015 528 2102 interrogavit
546 2014 671 2080 dietum
687 2015 989 2102 Archiepiseopum‚
1005 2037 1048 2080 un
1064 2014 1218 2080 hebuerit
1234 2013 1360 2080 dietum

309 2117 480 2182 reeordum
514 2121 596 2181 ωηο
619 2137 730 2183 seeum
751 2117 886 2194 ibidem,
910 2116 965 2181 vel
987 2115 1115 2201 aliquid
1137 2116 1231 2181 eliud
1253 2116 1318 2180 sibi
1341 2138 1361 2180 u

310 2218 398 2284 dicto
414 2216 557 2284 Domino
567 2218 657 2305 Rege
672 2219 818 2296 missum,
828 2223 1038 2283 ostensurum
1051 2243 1058 2297 ;
1074 2240 1177 2303 quum
1189 2218 1360 2303 Arohiepi-

310 2339 427 2405 scopus
438 2319 535 2396 dixit,
548 2321 638 2405 quod
653 2339 728 2384 ηοη.
761 2319 853 2384 Τηηο
869 2320 957 2384 idem
973 2317 1160 2383 Dominus⁴
1173 2319 1295 2384 Locum
1312 2325 1361 2383 te-

311 2442 392 2486 nens
415 2420 501 2484 dixit
524 2421 673 2506 predicto
695 2420 960 2507 Archiepisoopo,
977 2420 1048 2507 Ego
1071 2441 1219 2506 propono
1241 2418 1361 2484 habere

311 2520 365 2586 hio
387 2521 452 2586 isto
475 2521 530 2586 die
552 2522 596 2586 ed
618 2524 692 2586 octo
715 2522 795 2602 dies,
810 2543 892 2606 quos
908 2521 1079 2586 commode
1101 2520 1222 2585 hebere
1237 2527 1360 2607 potero,

311 2623 352 2688 de
374 2623 521 2689 Oonoiiio
545 2623 650 2710 Regio
673 2627 759 2688 terre
782 2644 840 2688 sue
863 2623 1017 2708 predicte,
1033 2629 1068 2688 et
1090 2623 1119 2686 si
1141 2622 1236 2687 vobis
1253 2622 1361 2687 visum

311 2724 420 2802 fiterit,
445 2725 599 2813 poteritis
630 2726 788 2791 interesse
822 2730 857 2789 et
886 2721 1003 2789 faotis⁶
1024 2723 1174 2802 ostensis,
1206 2725 1249 2789 ud
1280 2729 1362 2788 ωηο

311 2848 370 2911 pro
393 2826 488 2891 vobis
509 2827 545 2890 in
570 2824 715 2892 Consilio
738 2826 795 2890 illo
818 2825 969 2891 debitum
991 2825 1216 2912 reportabitur
1229 2846 1362 2911 respon-

312 2949 393 2993 sum.
439 2926 515 3008 Quo
537 2927 599 3004 die,
615 2924 795 2992 videlieet⁶
817 2927 915 2992 xxvii
932 2927 985 2992 die
1001 2927 1149 3012 ejusdem
1165 2927 1297 3007 mensis,
1324 2926 1361 2991 in

311 3029 435 3114 ospello
458 3030 548 3094 dioto
569 3050 676 3095 oorsm
700 3029 789 3094 dicto
813 3030 957 3094 Domino
980 3029 1102 3094 Locum
1132 3033 1276 3106 tenente,
1306 3051 1361 3094 ve-

311 3130 572 3196 nerabilissimus
603 3131 639 3195 in
662 3130 795 3196 Christo
819 3130 980 3196 Paterae
1003 3131 1175 3210 Dominus,
1200 3129 1372 3214 Dominus„

311 3233 334 3298 J
336 3231 481 3297 ehermes
496 3231 768 3318 Arehiepisoopus
785 3232 1043 3310 Ardmaohenus,
1056 3233 1219 3299 Hibernis
1234 3232 1362 3298 Primae

312 3335 508 3412 antedictae,
534 3334 693 3420 Magister
708 3333 889 3398 Niohoinus
913 3333 1025 3418 Hylle,
1050 3330 1202 3400 Deoenus
1220 3335 1363 3400 Eoolesie
1389 3329 1394 3340 '

313 3436 520 3502 Oethedrelis
543 3435 658 3500 Sancti
688 3433 825 3500 Patrieii
849 3435 1085 3512 Dubliniensis,
1116 3443 1151 3500 et
1178 3435 1363 3500 Richardus

313 3539 452 3615 Polmer,
497 3542 579 3602 ωηο
624 3536 730 3621 major
774 3536 919 3621 predicte
964 3535 1044 3600 ville
1090 3536 1131 3601 de
1175 3536 1362 3622 Droghedo,

311 3643 574 3725 comparuerunt,
599 3659 637 3702 uo
674 3637 762 3701 idern
798 3637 1072 3722 Archiepiseopus
1104 3636 1362 3715 Ardmeohenus,

312 3742 446 3807 nomine
479 3741 642 3805 dictorum
667 3738 822 3804 Nioholei
846 3739 973 3804 Decumi
1003 3745 1039 3804 et
1065 3738 1200 3804 Riosrdi
1227 3739 1363 3824 Mojoris

310 3844 389 3908 ville
404 3841 561 3930 predicte,
577 3840 768 3932 deploravit,
783 3839 949 3925 quomodo
965 3839 1076 3904 dietus
1090 3839 1362 3926 Arohiepisropus

313 3943 553 4021 Dubliniensis,
567 3948 649 4007 ωηο
670 3942 708 4004 in
730 3941 823 4006 diota
844 3942 926 4006 villu
949 3941 990 4006 de
1006 3940 1185 4028 Droghedu
1206 3941 1362 4018 residens,

313 4045 444 4134 rogavit
474 4045 578 4109 dictos
610 4043 903 4129 Arohiepisoopum
924 4043 1204 4120 Ardmuohenum
1239 4043 1362 4108 Nioho·

314 4148 404 4212 laum
435 4147 615 4222 Deoonum,
640 4149 675 4209 et
707 4145 887 4210 Ricardum
911 4145 1080 4230 Mejorem,
1102 4150 1143 4209 ut
1173 4143 1279 4230 ipsius
1303 4164 1363 4209 no-

646 4271 748 4277 ——.
933 4273 1058 4280 -—-—-
1066 4271 1237 4278 --.-——-

348 4331 356 4363 ¹
368 4329 430 4380 This
440 4331 510 4379 nord
521 4329 548 4378 in
559 4328 602 4379 the
618 4327 673 4378 MS.
686 4327 707 4377 ie
718 4327 817 4378 written
839 4324 842 4418 t
894 4327 904 4359 ⁴
916 4328 972 4378 The
983 4329 1053 4378 word
1066 4331 1081 4356 “
1089 4326 1321 4392 Arctiepiroopm”
1341 4328 1364 4378 is

316 4415 344 4464 in
356 4409 399 4460 the
409 4408 556 4458 eontraoted
566 4407 632 4457 form
641 4411 658 4436 ‘⁴
658 4405 713 4471 Ν
840 4409 948 4457 ·eresed
958 4406 1108 4460 hereinthe
1119 4405 1176 4456 MS.

348 4487 431 4538 'This
442 4487 513 4537 word
523 4485 550 4535 in
561 4485 604 4538 the
616 4485 672 4536 MS.
683 4484 706 4534 i
716 4484 817 4535 written
893 4485 972 4536 ⁸'l'he
994 4485 1050 4536 MS.
1075 4483 1096 4534 is
1121 4483 1220 4548 injured
1243 4484 1303 4538 here
1328 4489 1363 4553 by

314 4567 395 4618 inde
406 4566 551 4616 eontrsoted
561 4563 627 4613 form
637 4567 653 4591 “
661 4562 707 4613 s‘.”
861 4565 1056 4629 dempbutnot
1073 4563 1172 4613 tosueh
1184 4573 1316 4616 snextem
1335 4583 1363 4617 as

348 4645 424 4695 ΒΤΙιο
440 4645 511 4693 ποιά
526 4645 542 4670 “
551 4645 576 4692 iu
586 4643 601 4666 ”
617 4641 640 4692 is
656 4643 743 4691 erased
758 4641 818 4691 here
859 4649 886 4693 to
898 4643 988 4692 render
1000 4642 1043 4692 the
1054 4641 1158 4706 reading
1174 4644 1297 4695 doubtful.

316 4726 343 4775 in
367 4725 408 4774 the
428 4721 495 4782 MS,
515 4721 565 4771 and
587 4722 630 4772 the
647 4721 717 4771 word
736 4719 816 4768 “de”
893 4721 1057 4772 ‘Thewords
1068 4725 1170 4772 “aexr'”.
1185 4721 1364 4778 die”arehere

316 4803 415 4854 written
423 4816 484 4852 over
492 4799 518 4850 it,
860 4800 947 4851 strook
959 4800 1095 4851 outinthe
1106 4803 1163 4854 MS.
