3570 5770
475 876 541 941 292
898 883 1085 934 nrrnrmx.

474 1079 509 1138 et
525 1071 681 1148 Concilio,
696 1070 724 1133 si
739 1068 925 1155 predictum
939 1089 1097 1154 magnum
1113 1067 1257 1152 sigillum
1282 1067 1318 1130 in
1342 1069 1433 1133 dicte
1449 1069 1530 1134 cista

476 1172 629 1238 extiterit
650 1191 762 1247 necne,
789 1169 937 1255 prefatus
961 1169 1084 1233 Locum
1110 1173 1228 1234 tenens
1251 1173 1333 1233 tunc
1355 1169 1530 1234 mandavit

478 1274 606 1360 prefato
630 1273 800 1358 Deputato
824 1270 1046 1347 Thesaurerii
1070 1274 1242 1354 assumpto
1265 1290 1376 1334 secum
1400 1270 1529 1335 residuo

479 1375 560 1439 dicti
595 1373 736 1440 Ooncilii
773 1371 884 1457 Regis,
916 1370 1005 1455 quod
1038 1369 1082 1434 ad
1119 1369 1242 1434 dietam
1279 1369 1529 1436 Thesaureriam

479 1475 656 1550 accederet,
671 1479 707 1539 et
728 1473 852 1538 dictam
870 1472 988 1536 cistam
1012 1470 1164 1556 aperiret,
1180 1471 1223 1534 ed
1246 1472 1530 1557 congnoscendum

480 1577 508 1642 si
523 1577 649 1641 dictum
665 1575 811 1662 sigillum
834 1575 871 1637 in
887 1573 979 1637 dicta
1000 1573 1083 1638 ciete
1097 1571 1191 1646 foret,
1207 1593 1251 1635 an
1270 1593 1360 1637 non:
1377 1573 1436 1657 qni
1454 1593 1529 1637 vero

479 1679 522 1742 ad
556 1676 806 1741 'l'hesamariam
837 1673 1021 1760 predictam
1048 1673 1151 1758 juxte
1185 1674 1381 1737 mandatum
1413 1673 1549 1760 prefati¹

481 1778 604 1844 Locum
618 1777 765 1842 tenentis
789 1781 913 1851 euntes,
940 1795 980 1838 ac
1000 1773 1125 1838 dictam
1140 1773 1257 1838 cistam
1273 1775 1311 1837 in
1329 1774 1436 1839 forma
1457 1795 1530 1860 pre·

480 1879 568 1942 dicta
583 1882 727 1942 ceratem
741 1881 775 1940 et
790 1875 969 1962 sigillatam
987 1874 1198 1963 reperientes,
1214 1874 1332 1940 oistem
1347 1875 1530 1960 predictam

480 1979 605 2065 aperire
626 1977 781 2052 fecerunt,
804 1981 839 2042 et
869 1977 996 2042 dictum
1028 1997 1187 2061 magnum
1213 1975 1359 2061 sigillum
1387 1977 1424 2040 in
1451 1975 1541 2061 qua·'

481 2082 557 2144 dam
575 2079 660 2165 baga
682 2099 801 2157 comen,
826 2077 1094 2163 ecdemsigneto
1121 2076 1274 2162 sigillata,
1297 2076 1385 2142 infra
1409 2078 1532 2143 dictem

373 2229 376 2236 .
480 2181 598 2246 cistam
622 2182 833 2258 invenerunt,
864 2183 965 2264 prout
996 2177 1084 2243 idem
1109 2178 1299 2264 Deputetus
1321 2179 1533 2244 Thesaurarii

480 2288 515 2347 et
536 2283 703 2349 residuum
726 2280 767 2346 de
784 2279 932 2346 Concilio
947 2279 1047 2366 Regis
1070 2279 1177 2344 eidem
1193 2279 1317 2344 Locum
1339 2282 1470 2346 tenenti
1495 2281 1535 2346 in

479 2385 665 2449 rendventu
688 2404 747 2447 suo
761 2381 953 2447 referebant,
1001 2379 1216 2465 Ulteriusque
1239 2380 1387 2466 prefatus
1409 2381 1534 2446 Locum

481 2491 598 2550 tenone
632 2485 672 2550 de
704 2483 855 2549 custodia
885 2487 920 2546 et
949 2481 1110 2568 regimine
1136 2481 1217 2546 dicti
1248 2483 1359 2567 magni
1385 2483 1488 2568 sigilli
1513 2505 1536 2547 a

481 2587 627 2672 predicto
649 2586 703 2650 die
719 2585 821 2661 Luae,
838 2603 903 2668 quc
918 2583 1007 2647 ide'm
1023 2583 1184 2648 Ricardus
1206 2583 1253 2647 sic
1267 2583 1391 2648 dietam
1413 2605 1535 2650 navem

482 2709 576 2752 suam
598 2687 739 2773 erripuit
768 2683 1004 2762 transfretare,¹
1027 2704 1131 2769 usque
1161 2683 1286 2750 dictum
1309 2685 1396 2750 diem
1426 2686 1535 2765 Jovis,

482 2810 547 2873 quo
569 2789 623 2853 die
645 2788 733 2852 idem
757 2786 875 2850 Frater
902 2784 1093 2850 Mendioans
1108 2784 1234 2851 dictum
1261 2807 1419 2872 magnum
1443 2787 1538 2873 sigil-

482 2890 551 2953 lum
567 2891 603 2953 in
618 2889 741 2954 dictam
752 2885 1004 2951 Thesaurariam
1018 2885 1184 2964 liberavit,
1196 2886 1384 2971 plenissime
1399 2888 1538 2974 cupiens

482 2989 638 3066 assertiri,
669 2989 710 3054 de
741 3009 878 3053 assensu
901 2987 1040 3054 Consilii
1072 2987 1173 3072 Regis
1195 2987 1334 3073 predicti
1361 2990 1539 3055 mandevit

482 3112 541 3176 pro
576 3090 703 3176 prefato
743 3089 861 3154 Fratre
894 3089 937 3153 od
974 3089 1230 3175 comparendum
1264 3111 1373 3154 coram
1410 3091 1538 3156 eisdem

486 3191 607 3256 Locum
635 3191 763 3256 tenenti
791 3198 826 3255 et
849 3189 996 3256 Concilio
1020 3211 1119 3276 super
1148 3191 1313 3276 premissis
1342 3193 1540 3256 examinan-

484 3292 563 3358 dum
587 3296 622 3358 et
644 3293 820 3356 veritatem
843 3291 1019 3369 dicturum,
1042 3291 1101 3375 qui
1123 3290 1257 3376 quidem
1278 3291 1397 3356 Frater
1419 3293 1539 3358 eodem

484 3395 537 3458 die
559 3394 697 3458 veniens
720 3414 828 3459 coram
852 3393 943 3478 ipsis,
968 3393 1068 3457 tactis
1091 3393 1304 3458 sacrosanctis
1330 3393 1393 3458 Dei
1424 3393 1539 3462 Evan-

483 3495 586 3580 geliis,
604 3495 736 3578 juratus
759 3499 793 3558 et
817 3493 1026 3580 examinatus
1049 3493 1140 3572 dicit,
1161 3494 1400 3580 quodquidam
1422 3497 1539 3562 animo

485 3595 649 3680 penitenti
672 3601 707 3660 et
729 3595 882 3674 contrito,
898 3595 986 3659 dicto
1004 3595 1058 3660 die
1073 3595 1096 3660 J
1099 3595 1179 3674 ovis,
1195 3597 1327 3683 quando
1349 3597 1418 3684 ipse
1440 3620 1540 3684 para-

484 3705 539 3762 tus
560 3703 632 3762 erat
654 3697 787 3760 missam
803 3696 906 3761 Beate
923 3696 1028 3762 Mario
1043 3696 1192 3784 Virginis
1214 3699 1251 3762 in
1265 3699 1363 3763 domo
1378 3698 1538 3765 Fratrum

486 3797 733 3862 Predicatorum
757 3796 912 3861 Dublinii
934 3797 1105 3875 celebrare,
1129 3799 1303 3884 adipsum
1326 3801 1428 3877 venit,
1457 3822 1538 3868 enm

484 3897 626 3984 benigne
648 3897 817 3982 requirens
840 3904 879 3962 nt
905 3898 961 3964 ille
983 3919 1078 3963 suem
1100 3898 1334 3966 confessionem
1359 3901 1541 3969 clementer

485 3997 626 4076 audiret,
648 4003 682 4064 et
703 3999 739 4062 in
761 3999 963 4065 confessione
979 4021 1041 4064 sua
1064 4001 1151 4066 inter
1172 4001 1238 4066 alia
1261 4001 1444 4066 confessum
1459 4002 1539 4084 fuit,

485 4099 573 4184 quod
588 4101 657 4186 ipse
673 4099 798 4164 dictum
814 4122 971 4186 magnum
986 4101 1133 4187 sigillum
1158 4102 1246 4167 infra
1271 4102 1396 4169 dietam
1418 4104 1539 4170 cistam

486 4201 522 4264 in
543 4199 648 4265 forma
670 4201 819 4286 predicta
840 4201 1003 4267 inclusum
1025 4201 1153 4283 habuit,
1176 4225 1214 4268 ec
1237 4202 1363 4268 dictum
1378 4226 1540 4292 magnum

486 4301 632 4388 sigillum
661 4301 791 4387 prefato
818 4302 929 4367 Fratri
953 4325 995 4368 ex
1025 4325 1122 4368 causa
1152 4304 1239 4369 dioto
1268 4305 1541 4390 proclamacionis

486 4409 567 4468 tuno
588 4403 752 4484 liberavit,
768 4405 878 4489 ipsum
894 4403 1076 4469 humillime
1099 4405 1278 4491 requirens,
1295 4407 1384 4490 quod
1399 4407 1542 4474 festine·

486 4503 579 4569 cione
603 4525 669 4589 qua
690 4505 822 4590 poterit,
845 4505 929 4570 illud
952 4506 990 4569 in
1020 4507 1143 4572 dictam
1174 4507 1425 4572 Thesaursriam
1456 4509 1541 4576 libe-

486 4611 575 4669 raret
631 4604 733 4692 Cujus
748 4610 904 4691 pretextu
927 4607 1015 4672 idem
1032 4607 1158 4687 Frater,
1173 4613 1249 4697 post
1264 4609 1387 4674 dictam
1402 4609 1541 4676 missam

698 4731 878 4738 -..—...-.
1370 4728 1543 4742 --α

833 4775 840 4807 ⁸
854 4779 869 4806 ⁸‘
877 4777 1037 4840 &anselme
1045 4777 1061 4803 '’
1072 4775 1099 4826 in
1108 4775 1165 4828 Ms.
