3570 5770
449 843 515 908 302
831 933 836 942 ¹
881 855 1068 908 Arsurum.

445 1037 623 1124 Hugonem
646 1037 800 1119 Benent,¹
824 1043 904 1104 tunc
926 1039 1008 1106 dicti
1030 1039 1170 1106 Domini
1193 1039 1293 1127 Regis
1314 1039 1496 1108 Thesauro-

444 1138 531 1204 rium
543 1139 714 1222 Hibernis,
732 1140 796 1224 [et]
813 1139 999 1208 Robertum
1013 1140 1122 1228 Dyhe‚
1138 1141 1301 1221 clericum,
1316 1141 1495 1210 Custodem

446 1240 645 1309 Rotulorum
662 1241 863 1308 Concellerie
879 1242 1017 1308 Domini
1032 1243 1133 1331 Regis
1149 1247 1237 1309 terre
1258 1242 1407 1330 predicte
1422 1265 1497 1310 ver·

444 1339 583 1409 berevit.
629 1342 676 1408 Et
699 1343 864 1428 quomodo
885 1365 975 1410 nunc
996 1366 1104 1432 nuper
1126 1345 1211 1412 citre
1232 1344 1356 1411 festum
1381 1344 1496 1412 Sancti

446 1443 616 1512 Michaelis
661 1445 818 1510 ultimum
862 1447 1053 1533 proximum
1089 1447 1289 1536 preteritum
1326 1449 1494 1535 quendem

415 1625 416 1628 Ἴ
444 1546 607 1614 Jscobum
644 1547 750 1612 filium
782 1546 955 1614 willielmi
992 1548 1068 1614 Fitz
1102 1549 1247 1616 Thomas
1277 1549 1495 1637 solempniter

447 1649 717 1738 depopulatorem
756 1653 790 1714 et
828 1649 1047 1716 dirutstorem
1077 1673 1117 1718 so
1154 1651 1196 1716 de
1232 1651 1420 1738 prodicione
1457 1652 1493 1717 in

445 1751 587 1837 quodem
626 1746 873 1827 Perlisimento,2
909 1773 1015 1838 nuper
1051 1752 1140 1839 opud
1171 1752 1348 1840 Droghede
1384 1775 1494 1820 eornm

444 1852 552 1919 Leone
590 1852 724 1919 domino
758 1853 799 1918 de
833 1851 948 1919 Wellis
970 1857 1052 1920 tunc
1084 1854 1208 1920 Locum
1242 1859 1379 1921 tenente
1412 1855 1494 1921 dieti

441 1953 579 2022 Domini
602 1955 702 2042 Regis
724 1959 811 2021 terre
833 1977 890 2021 sue
914 1955 1060 2042 predicte
1083 1960 1189 2039 tento,
1212 1957 1283 2044 ipso
1305 1957 1493 2044 Archiepis·

441 2078 521 2143 copo
543 2057 771 2137 Dubliniense,
786 2062 826 2124 ut
848 2079 916 2126 uno
931 2057 1151 2124 Dominorum
1175 2058 1257 2124 dicti
1277 2057 1493 2138 Pcrlnmenti,

439 2161 520 2226 tunc
551 2164 711 2248 presente,
734 2159 924 2226 convictum
955 2165 991 2226 et
1013 2147 1241 2248 devulgatum,
1262 2157 1322 2226 in'
1345 2160 1493 2228 manerio

442 2260 512 2327 sive
533 2262 659 2349 palacio
681 2261 797 2328 Sancti
820 2260 972 2348 Sepulcri
993 2261 1030 2328 in
1051 2262 1210 2328 suburbio
1233 2261 1382 2328 civitatis
1397 2262 1492 2328 Dub·
1604 2271 1609 2282 '

441 2363 515 2428 linii
539 2365 682 2431 scitueto
711 2363 844 2450 recepit,
867 2385 1043 2450 secumque
1072 2363 1192 2430 edebat
1217 2369 1252 2430 et
1273 2364 1432 2432 bibebat:
1455 2369 1492 2432 et

439 2465 603 2551 quomodo
636 2466 768 2532 diverso
800 2470 968 2532 nements
1001 2471 1036 2532 et
1067 2467 1201 2553 private
1224 2465 1333 2553 sigilla
1355 2489 1376 2531 a
1402 2466 1491 2532 dicto

438 2565 563 2634 Jecobo
587 2566 727 2650 Gemite,
744 2567 868 2633 Locum
890 2571 1036 2649 tenente,
1052 2568 1247 2634 transmisse
1270 2568 1492 2656 contempsit:

438 2675 473 2735 et
495 2675 617 2756 postem
640 2692 708 2736 non
731 2668 886 2736 obstante
908 2671 998 2756 quod
1027 2669 1108 2736 dicti
1131 2670 1268 2736 Domini
1295 2669 1418 2738 Iocum
1442 2676 1491 2736 te·

438 2774 556 2856 nentis,
586 2778 721 2861 propter
753 2772 928 2860 premissas
965 2777 1000 2839 et
1033 2773 1115 2838 elias
1152 2772 1316 2839 notabiles
1350 2773 1491 2838 offensos

437 2881 571 2962 propter
607 2895 664 2940 sue
694 2873 819 2940 ordinis
841 2873 1041 2960 dignitatem
1073 2879 1108 2940 et
1129 2873 1287 2940 honorem
1311 2873 1491 2956 tacendos,⁸

438 2977 550 3042 literas
583 2975 647 3041 sibi
678 2975 740 3042 sub
778 2975 911 3061 privato
942 2975 1050 3062 sigillo
1077 2975 1159 3042 dicti
1189 2976 1312 3042 Locum
1345 2976 1492 3046 tenentis

437 3077 646 3163 conscriptas,
676 3076 720 3142 ed
757 3078 1013 3163 comparendum
1042 3099 1151 3143 eornm
1189 3077 1261 3164 ipso
1285 3076 1409 3144 Locum
1438 3083 1488 3142 te·

438 3183 540 3246 nente
563 3183 597 3244 et
620 3178 767 3245 Consilio
782 3179 888 3266 Regio
904 3179 1051 3264 ejusdem
1066 3183 1153 3246 terre
1175 3201 1273 3266 super
1289 3179 1387 3246 certis
1402 3179 1490 3245 sibi⁴

439 3280 633 3366 objiciendis
654 3279 743 3366 opud
765 3278 868 3366 Trym
891 3284 981 3346 certo
1013 3280 1067 3347 die
1092 3301 1327 3367 responsurum
1357 3281 1489 3368 recepit,

440 3385 510 3470 ipse
524 3381 800 3470 Archiepiscopus
814 3381 1042 3448 Dubliniensis
1055 3382 1109 3448 die
1124 3389 1159 3448 et
1181 3383 1251 3449 loco
1266 3383 1304 3448 in
1319 3383 1408 3450 dioto
1422 3384 1489 3470 pri·

436 3491 515 3552 vnto
537 3485 645 3572 sigillo
667 3483 869 3562 nominetis}⁵
894 3505 933 3550 ec
957 3485 1054 3550 dictis
1082 3484 1136 3550 die
1160 3490 1194 3550 et
1215 3485 1286 3552 loco
1315 3485 1489 3572 solempni·
1574 3496 1579 3504 ’

435 3593 489 3654 ter
510 3587 580 3651 ulte
610 3591 645 3652 et
678 3585 883 3673 intelligibili
905 3607 986 3652 voce
1021 3608 1080 3673 per
1114 3585 1325 3652 Servientem
1349 3586 1488 3652 Domini

437 3687 560 3776 Regis⁰
581 3688 625 3754 ed
639 3687 744 3753 Arme
765 3694 911 3769 vocotus,
936 3693 972 3755 et
994 3687 1031 3754 in
1053 3688 1157 3754 elium
1174 3689 1262 3755 diem
1282 3711 1341 3776 per
1363 3689 1489 3755 dictum

436 3791 620 3857 Dominum
646 3789 770 3856 Locum
800 3795 970 3856 tenentem
1000 3794 1035 3857 et
1065 3790 1250 3856 Consilium
1282 3795 1485 3880 expectatus,

436 3897 471 3960 et
490 3898 572 3958 tunc
586 3891 688 3958 simili
702 3892 800 3959 modo
815 3892 918 3960 eciem
934 3892 1149 3979 solempniter
1162 3897 1300 3958 vocatus
1322 3893 1489 3970 extiterat

437 4017 622 4083 competere
645 3997 853 4084 contempsit.
899 3996 953 4061 Ex
975 3995 1040 4060 hiis
1062 4000 1098 4060 et
1126 3994 1209 4073 eliis,
1233 3998 1274 4059 ut
1301 3995 1390 4061 idem
1419 3994 1489 4060 Do·

436 4099 548 4166 minus
571 4098 693 4166 Locum
708 4103 826 4165 tenens
848 4098 946 4179 dixit,
968 4102 1086 4176 motus,
1102 4118 1144 4162 ex
1158 4096 1364 4184 plenitudine
1379 4101 1489 4183 potes-

471 4303 477 4332 ¹
492 4299 570 4351 Wsre
581 4297 652 4365 gives
663 4297 715 4349 this
731 4313 804 4349 neme
816 4314 844 4348 es
860 4297 941 4348 “Dn·
982 4297 1060 4362 lessly
1075 4295 1183 4357 emittes,
1197 4294 1261 4346 trith
1278 4309 1355 4359 many
1370 4293 1489 4346 oblitera-

437 4379 534 4428 “rmffl’
543 4378 617 4429 inhis
626 4377 668 4428 list
675 4377 911 4441 oi'Ihessurers,bul
918 4376 939 4426 it
982 4377 1049 4427 tiens
1061 4375 1113 4425 nnd
1123 4372 1328 4446 interlineetions.

437 4456 661 4522 isplsinlywritten
670 4455 817 4507 essbovein
827 4456 871 4506 the
880 4455 938 4506 MS.
1016 4454 1121 4505 ⁶'1here
1131 4452 1176 4502 iss
1188 4454 1259 4503 word
1275 4452 1326 4501 like
1341 4454 1461 4517 “comper
1470 4455 1487 4477 ’⁸

470 4535 481 4568 ²
492 4535 627 4588 Thisrrord
634 4536 655 4587 is
662 4534 794 4586 interlined
801 4533 938 4584 intheMS.
983 4532 1069 4584 struck
1078 4529 1189 4595 through
1201 4529 1261 4581 with
1272 4530 1315 4580 the
1326 4543 1375 4593 pen
1386 4529 1453 4582 here.

471 4613 509 4647 Μ
519 4611 631 4664 tacend''
643 4615 670 4664 in
681 4614 739 4666 MS.
1017 4610 1100 4662 εΤὶιίι
1121 4609 1191 4660 word
1213 4609 1236 4659 is
1254 4605 1387 4660 interlined
1402 4608 1429 4658 in
1443 4610 1489 4662 the

470 4693 557 4743 ⁴'lhis
573 4694 643 4744 word
660 4694 683 4744 is
699 4693 833 4744 interliued
851 4693 878 4742 in
896 4691 939 4743 the
983 4689 1039 4742 MS.

437 4769 496 4824 MS.
538 4771 594 4822 The
615 4771 694 4824 entire
711 4787 816 4839 passage
832 4771 854 4820 is
871 4786 940 4823 ccre-
