3570 5770
751 909 936 964 srrmrom
1288 901 1354 967 283

301 1099 391 1165 dioto
407 1096 461 1163 die
477 1100 513 1162 et
529 1094 610 1174 loeo,
624 1096 661 1159 in
675 1094 810 1182 propria
823 1115 964 1181 persona
977 1115 1046 1173 sua,
1061 1093 1161 1161 fuisse
1175 1095 1226 1162 ita
1239 1095 1357 1163 habita

302 1206 336 1266 et
351 1204 451 1288 gesta,
468 1203 505 1265 et
518 1219 587 1264 non
608 1197 714 1275 aliter,
729 1217 784 1263 ore
806 1197 939 1284 proprio
954 1195 1131 1264 fatebatur.
1178 1198 1224 1264 Et
1247 1198 1356 1285 quoad

300 1301 490 1369 Johannem
513 1299 640 1378 Gallan,
672 1299 761 1364 idem
786 1298 950 1365 Dominus
973 1298 1097 1366 Locum
1119 1303 1237 1366 tenens
1267 1301 1356 1367 dixit

301 1405 390 1490 quod
412 1423 472 1490 pro
494 1402 641 1488 quinque
655 1401 752 1466 annis
767 1401 886 1487 elapsis
903 1405 937 1467 et
960 1401 1101 1487 amplius
1123 1408 1273 1467 mortuus
1295 1409 1356 1482 eet,
1399 1465 1401 1469 ,

301 1511 335 1570 et
356 1504 498 1570 ulterius
520 1503 609 1568 dixit
631 1503 719 1588 quod
753 1502 823 1590 ipse
846 1503 1067 1570 Comes'tuno
1090 1503 1227 1568 Domini
1256 1504 1356 1592 Regis

301 1607 425 1672 Locum
438 1612 556 1672 tenens
569 1610 656 1671 terre
671 1605 816 1691 predicte
837 1603 915 1670 fecit
937 1604 1078 1670 eundem
1092 1604 1117 1671 J
1118 1605 1280 1672 ohannem
1303 1629 1355 1672 ar·

299 1709 417 1774 restari
438 1730 497 1795 pro
519 1707 609 1774 vinis
631 1707 819 1793 peripsum
841 1706 989 1772 venditis
1020 1707 1112 1794 prius
1134 1729 1202 1774 non
1223 1709 1356 1796 prisatis

299 1831 360 1876 neo
381 1811 562 1897 gaugeatis‚
578 1829 678 1895 quam
700 1809 856 1875 offensam
878 1809 968 1874 idem
987 1808 1011 1873 J
1013 1807 1157 1875 ohannes
1178 1809 1354 1876 fatebatur.

301 1912 347 1978 Et
376 1912 548 1997 prodicta
577 1911 701 1977 offensa
722 1910 801 1976 fecit
822 1905 923 1975 finem
956 1931 1017 1996 pro
1043 1907 1138 1992 ὣ,
1170 1933 1251 1998 quas
1283 1913 1356 1999 qui·

299 2013 374 2080 dem
397 2011 472 2080 ΠΗ.
494 2013 729 2080 Thesaurarius
747 2012 886 2078 Domini
900 2013 1001 2098 Regis
1022 2016 1109 2082 terre
1131 2034 1189 2079 sue
1211 2015 1355 2101 predicte

299 2120 381 2182 tuno
403 2115 547 2181 existens
569 2113 754 2202 assignavit
784 2113 893 2178 eidem
915 2113 1038 2179 Locum
1060 2116 1189 2181 tenenti
1214 2115 1251 2181 in
1280 2137 1356 2203 par-

300 2221 368 2283 tem
383 2217 559 2283 solutionis
573 2217 746 2282 radiorum
762 2237 905 2293 suorum,
919 2236 980 2302 pro
995 2215 1116 2300 quibus
1131 2217 1265 2302 quidem
1279 2215 1354 2284 xxli.

301 2317 463 2384 Dominus
484 2323 598 2384 noster
618 2318 691 2384 Rex
713 2317 815 2383 hebet
836 2317 1096 2404 acquietunoiem
1110 2317 1193 2384 dieti
1215 2318 1356 2385 Comitis

300 2425 336 2487 et
369 2421 492 2486 Locum
518 2421 673 2500 tenentis,
699 2424 741 2484 ut
777 2422 873 2505 patet
902 2419 944 2483 de
967 2419 1102 2484 reeordo
1132 2420 1170 2484 in
1201 2421 1355 2508 Receptis

301 2521 460 2590 Soaocarii
482 2522 565 2589 dieti
580 2521 719 2587 Domini
742 2521 842 2608 Regis
864 2524 951 2586 terre
973 2541 1031 2586 sue
1054 2521 1209 2609 predicte,
1232 2523 1354 2609 absque

300 2624 361 2690 hoo
395 2623 484 2710 quod
516 2625 586 2710 ipse
609 2623 727 2690 Comes
756 2627 837 2688 tuno
861 2621 985 2687 Locum
1014 2625 1130 2688 tenens
1162 2623 1271 2710 ipsum
1294 2623 1354 2690 Jo-

299 2726 443 2792 hannem
465 2725 630 2790 commisit
651 2730 757 2791 castro
779 2745 837 2790 seu
859 2724 990 2811 prisone
1019 2724 1159 2810 alicujus
1182 2725 1355 2793 Hibernioi

299 2827 425 2893 inimici
448 2827 529 2892 dicti
558 2825 696 2892 Domini
727 2825 836 2912 Regis,
860 2830 895 2891 et
928 2825 1052 2911 absque
1082 2826 1143 2892 hoo
1175 2828 1263 2913 quod
1284 2828 1354 2916 ipse

301 2929 419 3016 (lomes
433 2929 579 3015 aliquam
601 2927 839 2994 redemoionem
862 2948 921 2993 seu
935 2927 1120 3006 finanoiam,
1136 2929 1226 2995 ultra
1248 2929 1354 2996 dietas

299 3028 375 3097 xxli.
398 3031 435 3096 in
456 3030 563 3097 forma
583 3029 732 3117 predicta
753 3033 909 3117 reoeptas,
928 3029 971 3096 ab
994 3031 1109 3097 eodem
1131 3031 1263 3120 recepit
1309 3031 1355 3099 Et

300 3133 408 3218 quoad
434 3132 540 3198 Davit
569 3133 689 3198 Seman
724 3135 760 3198 et
790 3129 988 3198 Nioholaum
1020 3130 1167 3220 Galbary
1197 3135 1234 3199 in
1265 3135 1355 3202 dioto

300 3233 440 3300 articulo
469 3235 671 3301 accusatorio
700 3233 896 3310 nominatos,
919 3233 1007 3298 dixit
1030 3235 1132 3299 seiam
1158 3236 1247 3322 qnod
1268 3257 1354 3301 nun-

300 3356 401 3421 quam
423 3335 588 3402 oommisit
610 3337 706 3422 ipsos,
721 3355 779 3400 seu
801 3335 945 3420 aliquem
960 3336 1113 3422 ipsorum,
1129 3357 1190 3402 neo
1211 3337 1354 3424 aliquem

299 3438 402 3503 alium
428 3436 551 3524 ligeum
573 3436 711 3502 Domini
733 3436 842 3524 Regis,
857 3440 964 3501 castro
986 3457 1044 3500 seu
1065 3437 1195 3522 prisone
1217 3437 1355 3525 alicujus

301 3538 474 3604 Hibernioi
505 3539 632 3605 inimici
665 3538 802 3605 Domini
836 3535 943 3624 Regis.
995 3537 1083 3602 Item
1116 3545 1279 3624 quantum
1312 3542 1355 3607 sd

299 3640 402 3706 alium
416 3641 593 3707 articulum
616 3641 679 3706 sub
703 3641 764 3706 heo
786 3639 891 3706 forma
917 3637 1094 3705 verborum
1116 3646 1354 3728 ooneeptum-

299 3741 380 3808 Also
395 3743 523 3829 pleesyt
538 3763 623 3828 your
643 3742 774 3828 heynys
788 3747 824 3808 to
845 3741 887 3807 be
908 3741 1118 3828 remembryd
1140 3743 1234 3809 howe
1256 3747 1312 3832 pat
1334 3767 1355 3809 a

300 3843 350 3910 for
380 3837 581 3930 thys'tyme
611 3865 670 3929 my
693 3842 780 3909 Lord
813 3841 851 3907 of
880 3841 1022 3924 Marohe,
1056 3865 1114 3930 my
1144 3843 1232 3911 Lord
1254 3845 1353 3933 Grey,

300 3967 387 4011 wose
404 3945 526 4031 sowlys
547 3945 622 4010 God
641 3966 662 4009 a
681 3945 780 4030 soyle,
797 3944 863 4009 and
878 3965 938 4029 my
953 3944 1041 4008 Lord
1056 3944 1183 4024 Talbot,
1200 3949 1256 4034 pet
1270 3946 1354 4012 hath

165 4085 166 4088 κ
300 4048 384 4113 bene
413 4067 500 4133 your
524 4045 742 4112 Lieutenants
764 4029 802 4111 ol
820 4065 907 4131 your
930 4045 1012 4131 seyd
1036 4046 1123 4123 lond
1149 4047 1233 4114 bath
1256 4069 1280 4112 a
1305 4049 1356 4114 for

300 4147 379 4236 thys
401 4153 496 4235 tyme
518 4145 752 4238 empoohytp'e
782 4147 862 4234 seyd
892 4147 971 4212 Erle
1001 4148 1165 4235 severally
1190 4149 1229 4215 of
1253 4171 1354 4236 many

299 4256 374 4339 gret
395 4256 581 4337 treysouns‚
605 4249 663 4316 the
688 4251 801 4316 woehe
830 4249 929 4314 stond
951 4254 1015 4335 yyt
1043 4248 1267 4337 undetermyt,
1298 4250 1355 4317 the

300 4353 412 4420 woolre
426 4374 467 4439 ys
481 4375 502 4416 a
524 4356 598 4441 gret
613 4351 704 4438 profe
719 4355 776 4438 pat
790 4350 848 4417 the
863 4350 944 4437 seyd
965 4351 1042 4417 Erle
1057 4351 1139 4418 hath
1153 4352 1258 4440 noght
1271 4354 1355 4419 bene

301 4455 338 4520 of
355 4455 440 4543 gode
460 4453 540 4536 rule,
557 4453 623 4518 and
638 4475 680 4540 ys
701 4453 847 4519 unhable
868 4457 905 4518 to
919 4452 1005 4517 have
1025 4453 1082 4518 the
1104 4454 1204 4538 seyde
1225 4454 1304 4520 lond
1319 4455 1355 4520 in

299 4555 662 4644 governeunoe—idem
692 4555 854 4621 Dominus
885 4553 1002 4620 Comes
1025 4560 1061 4621 et
1083 4554 1206 4621 Looum
1229 4562 1354 4640 tenens,

300 4681 410 4724 eoram
431 4658 530 4724 dietis
551 4658 754 4724 (lancellario
780 4679 818 4723 ao
843 4657 959 4723 ceteris
985 4657 1027 4722 de
1050 4657 1197 4724 Concilio
1219 4659 1356 4727 Domini

304 4760 415 4848 Regis,
437 4767 478 4826 ut
508 4781 609 4847 supra
638 4760 805 4840 recitetur,
829 4758 1050 4847 respondebat
1080 4765 1116 4827 et
1146 4760 1246 4844 dixit,
1267 4765 1356 4849 quod
