3570 5770
722 904 909 954 lrrsunnr.
1267 895 1330 960 291

282 1081 372 1150 fatus
395 1085 556 1152 Ricardus
586 1084 741 1174 Wogann
763 1089 922 1176 grandem
950 1107 1069 1155 navam
1092 1090 1181 1177 apud
1205 1089 1332 1168 Houth,

282 1186 370 1253 infra
393 1189 622 1256 commitatum
646 1188 802 1256 Dublinii
825 1192 1019 1278 predictum,
1044 1191 1135 1259 dicto
1162 1192 1216 1259 dio
1240 1192 1333 1260 Luna

283 1291 377 1374 quasi
398 1289 479 1356 hora
501 1295 597 1360 sexta
619 1298 695 1379 post
715 1293 831 1360 horam
854 1314 978 1360 nonam
998 1293 1149 1380 arripuit,
1164 1299 1199 1360 et
1218 1313 1334 1361 versus

283 1401 393 1480 partes
429 1396 551 1463 Walh'e
587 1398 827 1478 transfretavit,
857 1421 1016 1486 magnum
1051 1400 1198 1487 sigillum
1237 1399 1332 1486 regni

283 1501 363 1584 tunc
377 1499 414 1562 in
429 1498 580 1565 custodia
601 1501 666 1566 aaa
684 1501 831 1570 existens
852 1500 983 1592 prefato
999 1501 1121 1568 Locum
1143 1502 1273 1568 tenenti
1297 1505 1333 1567 et

284 1597 431 1666 Concilio
446 1600 581 1666 Domini
599 1601 700 1689 Regis
717 1603 856 1668 minime
876 1603 1098 1684 deliberande,
1115 1625 1173 1670 seu
1195 1604 1232 1668 in
1247 1602 1331 1669 Tha·

258 1702 428 1786 usaurario
450 1703 588 1768 Domini
603 1703 705 1792 Regis
730 1705 897 1770 mittendo
919 1726 977 1771 seu
999 1705 1182 1772 deferendo.
1229 1703 1333 1790 Cujus

282 1803 430 1869 custodie
461 1803 588 1870 dictum
618 1827 776 1893 magnum
806 1806 952 1894 sigillum
984 1806 1051 1872 fuit
1082 1807 1241 1883 relictum,
1272 1809 1332 1871 aut

281 1906 429 1991 regimen
452 1908 669 1990 commissum,
685 1908 750 1972 viis
770 1895 805 1975 et
827 1909 934 1974 modis
954 1910 1075 1996 quibus
1089 1909 1214 1996 inquiri
1240 1909 1332 1997 pote-

282 2012 345 2088 rat,
367 2006 565 2095 inquisitum
588 2014 647 2088 est,
663 2015 699 2076 et
713 2010 850 2077 minime
873 2013 955 2077 scira
977 2015 1116 2098 poterat.
1163 2012 1332 2098 Quaprop-

282 2113 333 2174 ter
355 2109 503 2196 prefatus
529 2110 653 2177 Locum
680 2116 805 2190 tenens,
839 2134 882 2178 ex
906 2134 1042 2180 assensu
1076 2112 1217 2179 Ooncilii
1248 2112 1332 2178 dicti

281 2208 419 2276 Domini
435 2213 543 2299 Regis,
566 2213 761 2280 Viceoomiti
776 2215 930 2280 Dublinii
946 2237 984 2281 ac
999 2214 1120 2301 Majori
1136 2213 1329 2280 etBallivis

281 2311 368 2378 dicte
384 2313 533 2382 civitatis
556 2337 598 2380 ex
621 2320 715 2403 parte
731 2316 813 2382 dicti
829 2316 968 2382 Domini
989 2317 1096 2382 nostri
1112 2315 1213 2402 Regis
1237 2335 1331 2380 man-

281 2413 384 2494 davit,
408 2415 549 2482 firmiter
570 2417 749 2504 injungens
772 2417 859 2503 quod
883 2418 947 2505 ipsi
976 2417 1065 2483 infra
1086 2416 1227 2483 ballivas
1256 2437 1332 2481 suas
1407 2435 1413 2445 ·

280 2515 317 2579 in
351 2516 441 2582 diota
474 2519 628 2584 civitate·
646 2524 682 2584 et
715 2519 919 2595 commitatu,
953 2541 991 2584 ac
1020 2519 1094 2584 aliis
1123 2517 1214 2583 villis
1240 2539 1332 2584 mer-

281 2619 414 2684 catoriis
440 2625 475 2686 et
501 2621 668 2706 portubus,
692 2621 823 2708 publice
847 2620 1043 2708 proclamari
1064 2620 1218 2702 facerent,
1244 2619 1332 2706 quod

281 2720 477 2807 quicumque
515 2721 641 2787 dictum
672 2743 829 2809 magnum
867 2723 1013 2809 sigillum
1050 2722 1189 2789 Domini
1225 2720 1332 2787 nostri

282 2821 382 2907 Regis
404 2822 538 2899 habens,
561 2823 654 2902 illud,
678 2825 739 2890 sub
762 2823 969 2890 forisfactura
995 2825 1229 2910 omniumque
1255 2843 1332 2910 erga

279 2923 420 2988 eundem
444 2924 624 2989 Dominum
653 2912 805 2991 nostrum
836 2926 960 3012 Regem
990 2925 1176 2992 forisfacore
1198 2925 1331 3012 poterit,

279 3025 417 3092 haberat
447 3049 555 3094 coram
585 3028 675 3093 dicto
700 3029 823 3096 Locum
854 3035 989 3096 tenente
1011 3036 1048 3096 et
1071 3029 1219 3096 Concilio
1241 3029 1332 3116 apud

281 3127 479 3194 Dublinium
509 3130 563 3195 die
593 3129 731 3196 Veneris
761 3134 842 3196 tunc
871 3131 1022 3218 proximo
1052 3132 1174 3208 futuro,
1213 3152 1252 3196 ac
1284 3130 1331 3198 eis

279 3235 360 3295 tunc
374 3229 460 3294 illud
475 3230 688 3297 deliberaret:
707 3252 772 3318 quo
787 3233 841 3298 die
856 3232 996 3297 Veneris
1010 3232 1119 3298 dietus
1134 3231 1331 3298 Wiliiolmus

281 3330 422 3418 Ohevyr‚
437 3332 617 3419 deputatus
633 3333 840 3400 Thesaurarii
855 3337 943 3399 terra
957 3335 1112 3419 predicte,
1128 3334 1164 3396 in
1187 3333 1330 3418 quadam

280 3436 418 3502 Carnem
456 3435 595 3502 Concilii
641 3437 730 3501 infra
773 3426 1007 3502 monasterium
1045 3435 1167 3502 Sancte
1205 3434 1330 3500 Thome

279 3538 441 3623 Martyris
461 3537 566 3622 juxta
599 3538 807 3616 Dublinium,
839 3537 967 3624 prefato
989 3536 1112 3603 Locum
1133 3536 1263 3600 tenenti
1295 3541 1330 3601 et

280 3638 427 3705 Concilio
457 3639 646 3719 declaravit,
672 3639 918 3726 quodquidam
944 3638 1047 3704 frater
1073 3637 1215 3702 Thomas
1241 3635 1328 3702 Nor-

278 3745 371 3817 toun,
394 3740 435 3805 de
458 3740 573 3806 ordine
596 3740 753 3818 Fratrum
785 3741 1030 3806 Predioatorum
1054 3738 1328 3818 Mendicancium‚

278 3842 331 3908 die
370 3841 468 3908 Jovis
504 3843 656 3929 proximo
694 3843 854 3929 preterito
887 3841 973 3907 circa
1009 3841 1123 3906 horam
1166 3840 1328 3905 decimam

278 3947 357 4009 anto
386 3943 501 4009 horam
523 3965 655 4021 nonam,
685 3945 852 4028 quandam
878 3963 1016 4030 parvam
1040 3943 1158 4007 cistam
1180 3946 1329 4028 portato·

276 4046 370 4126 riam,
386 4051 530 4112 ceratam
553 4066 591 4110 ac
613 4045 795 4132 sigillatam
811 4066 886 4112 cum
903 4044 1046 4130 quodam
1062 4045 1192 4132 signeto
1208 4045 1245 4108 in
1263 4065 1328 4128 quo

276 4151 373 4212 erant
397 4147 568 4234 ymagines
592 4145 760 4225 Crucifixi,
792 4146 906 4225 Maria,
932 4149 967 4210 et
991 4145 1015 4210 J
1017 4145 1164 4222 ohannis,
1196 4145 1233 4210 in
1263 4166 1329 4230 qua-

276 4249 403 4315 diotum
434 4271 592 4334 magnum
615 4248 762 4335 sigillum
785 4249 854 4314 fore
883 4247 1033 4326 asseruit,
1055 4249 1092 4313 in
1109 4247 1328 4313 Thesauraria

207 4397 212 4406 ·
276 4351 426 4438 predicta
467 4351 674 4428 deliberavit,
712 4351 851 4417 dicendo
888 4351 977 4436 quod
1013 4351 1158 4436 qaudam,
1188 4348 1327 4414 audiens

276 4453 402 4519 dictam
430 4453 733 4540 proclamacionem,
760 4452 883 4517 dictam
908 4453 1026 4517 cistam
1049 4452 1096 4516 sio
1121 4455 1265 4516 ceratam
1292 4453 1327 4515 et

275 4555 459 4641 sigillatam
492 4554 555 4620 sub
590 4559 625 4618 et
655 4554 692 4618 in
722 4554 929 4620 confessione
964 4553 1029 4618 sibi
1060 4552 1272 4633 deliberavit,
1288 4557 1328 4616 ut

275 4657 345 4744 ipse
374 4655 503 4723 dictum
530 4677 688 4744 magnum
711 4655 856 4742 sigillum
878 4656 915 4720 in
938 4654 1156 4720 Thesauraria
1178 4653 1328 4742 predicta

274 4757 439 4827 liberaret.
486 4759 532 4825 Et
554 4759 634 4846 quia
656 4757 796 4826 dubium
823 4763 895 4825 erat
910 4755 1036 4847 prefato
1062 4756 1184 4824 Locum
1199 4756 1327 4824 tenenti

1127 4863 1192 4930 r2
