3570 5770
476 866 541 931 290
908 865 1096 932 mensnm.

476 1065 615 1131 diversis
629 1062 777 1151 personis
800 1063 842 1129 de
864 1061 1014 1128 Concilio
1034 1059 1118 1126 cicli
1140 1059 1277 1128 Domini
1296 1061 1404 1127 nostri
1427 1059 1527 1146 Regis

475 1167 589 1233 volens
616 1188 690 1233 cum
716 1165 845 1252 prefato
879 1163 1022 1229 Ricardo
1047 1161 1203 1250 Wogonn
1233 1183 1332 1250 super
1360 1161 1527 1249 pmmissis

476 1267 725 1348 communicare,
741 1273 776 1334 et
797 1267 907 1354 ipsum
930 1264 1108 1332 Ricardum
1130 1269 1172 1330 ul
1195 1263 1435 1333 Cancellsrium
1459 1261 1527 1329 Do·

476 1370 560 1434 mini
597 1369 698 1457 Regis
731 1368 819 1434 dicte
850 1371 937 1432 cerro
966 1367 1004 1431 in
1034 1366 1187 1432 omnibus
1217 1371 1369 1446 tractore,
1402 1364 1527 1432 dictem

476 1471 648 1536 civilatem
675 1469 727 1536 die
751 1468 933 1536 Dominico'
960 1469 1112 1554 proximo
1143 1471 1222 1534 cnle
1252 1468 1375 1536 fesium
1405 1465 1527 1533 Sancte

476 1572 664 1658 Margarelo
697 1571 843 1658 Virginis
877 1569 996 1636 ultimo
1044 1570 1201 1657 preterito
1248 1569 1358 1636 adivit
1402 1589 1526 1635 morem

475 1673 601 1739 ibidem
615 1694 685 1740 unc
707 1694 782 1738 oum
804 1671 903 1737 diclis
925 1671 1073 1757 personis
1095 1671 1136 1738 do
1160 1670 1306 1738 Concilio
1321 1669 1422 1759 Regis
1437 1668 1526 1736 dicio

476 1776 531 1842 dio
554 1774 728 1841 Dominicc
751 1779 785 1839 el
807 1773 862 1838 die
880 1773 975 1839 Lune
998 1778 1080 1839 tunc
1101 1772 1253 1860 proximo
1275 1777 1433 1860 sequente
1452 1792 1527 1859 pro-

476 1877 662 1957 lrcclcndo,
689 1876 811 1962 quibus
835 1875 890 1941 die
913 1874 1092 1941 Dominico
1123 1879 1158 1940 et
1182 1875 1236 1941 dic
1262 1875 1356 1941 Luno
1379 1873 1528 1961 prefatus

476 1977 636 2044 Ricardus
663 1976 889 2042 Cenocllcrius
921 1976 964 2041 od
998 1974 1165 2062 prefatum
1199 1977 1323 2042 Locum
1358 1981 1527 2042 tenentem

476 2080 612 2146 minime
625 2079 747 2156 venire,
762 2099 821 2145 seu
835 2078 982 2164 aliquem
996 2098 1056 2143 suo
1071 2079 1205 2145 nominc
1218 2077 1262 2143 cd
1277 2079 1386 2164 ipsum
1402 2077 1529 2143 Locum

475 2185 645 2248 tenentem
661 2203 720 2268 per
733 2180 823 2246 idem
837 2186 970 2267 tempus
985 2179 1128 2260 mittero,
1144 2180 1282 2246 emovit.
1328 2179 1375 2245 El
1388 2178 1529 2245 ulterius

475 2283 590 2350 codem
616 2283 671 2349 dio
699 2281 874 2350 Dominico
898 2281 988 2347 idem
1013 2281 1137 2348 Locum
1164 2287 1290 2360 lenens,
1316 2281 1432 2348 volens
1451 2303 1529 2348 cum

475 2384 602 2472 prescio
625 2385 767 2450 Ricerdo
791 2388 872 2449 lunc
891 2382 1095 2450 Concollcrio
1118 2383 1299 2470 ceterisque
1321 2383 1363 2448 de
1379 2383 1529 2450 Concilio

474 2486 613 2551 Domini
635 2485 742 2552 noslri
766 2483 866 2571 Regis
896 2489 968 2550 lom
993 2505 1052 2570 pro
1082 2482 1231 2570 prosectu
1253 2481 1392 2548 Domini
1421 2484 1531 2548 nostri

475 2587 576 2674 Regis
591 2594 625 2654 el
639 2593 726 2654 ierrc
749 2608 808 2653 suo
822 2586 969 2672 predicto
989 2607 1089 2670 quom
1104 2607 1204 2672 super
1224 2583 1405 2673 premissc¹
1429 2583 1528 2651 collo

474 2690 589 2774 quium
597 2686 1137 2776 hoberoprcdiclum,Servientom
1147 2685 1527 2774 adLegemSicphcncm

474 2791 592 2870 Roche,
608 2795 817 2858 cllornctum
839 2789 921 2855 dicii
936 2789 1073 2854 Domini
1096 2789 1203 2854 nostri
1224 2787 1335 2876 Regis,
1349 2794 1384 2854 ol
1398 2787 1422 2854 J
1424 2787 1527 2854 ohan-

473 2913 550 2957 nem
566 2893 652 2971 Bolt,
670 2893 849 2959 Custodem
865 2889 1048 2977 Honcperii
1063 2889 1151 2956 dicio
1166 2890 1377 2967 Cancellcric‚
1397 2889 1527 2977 prescio

474 2993 676 3060 Cancellcrio
691 2994 792 3074 misit,
807 2997 848 3058 ul
861 2993 933 3080 ipso
947 2992 1054 3060 eidem
1071 2994 1195 3060 Locum
1209 2994 1340 3060 tenenti
1354 3013 1397 3058 ex
1419 2994 1528 3058 causis

472 3095 638 3180 promissis
653 3095 791 3173 veniret,
804 3095 861 3182 qui
876 3095 920 3160 cd
934 3095 1119 3182 hospicium
1134 3095 1216 3161 dieti
1228 3094 1423 3162 Cnnocllerii
1437 3095 1528 3161 infre

472 3196 596 3262 dictam
612 3195 784 3263 civitolem
807 3197 977 3262 venientes
999 3196 1137 3264 minime
1159 3197 1203 3262 ad
1218 3197 1420 3284 presenciam
1442 3197 1528 3263 dicti

473 3295 667 3364 Concellarii
689 3298 803 3364 venire
819 3320 894 3364 oum
910 3319 948 3364 eo
969 3297 1060 3384 loqui
1086 3304 1287 3385 potuerunt:
1312 3304 1362 3366 sel
1388 3299 1527 3384 quidem

470 3399 641 3466 Johcnnes
662 3397 871 3486 shawbery?
887 3399 1086 3486 Cepollanus
1110 3400 1230 3488 presoli
1254 3399 1460 3478 Concellcrii,
1477 3402 1528 3466 cis

361 3557 366 3560 .
471 3502 610 3578 dicobcl‚
627 3503 716 3588 quod
738 3502 887 3589 prefatus
905 3501 1128 3569 Cancellcrius
1149 3524 1219 3568 non
1241 3509 1312 3569 orel
1334 3502 1423 3567 infre
1445 3503 1530 3568 civi·

470 3608 576 3670 intem
606 3603 798 3690 prodiciam.
846 3603 913 3684 Qui
935 3624 1013 3668 vero
1044 3603 1099 3669 die
1131 3603 1224 3670 Lune
1255 3608 1336 3669 iuno
1368 3604 1527 3690 proximo

469 3710 628 3791 sequente
658 3706 773 3773 codem
802 3704 910 3770 formo
938 3703 1032 3770 missi
1061 3706 1247 3792 predictum
1281 3704 1525 3772 Conoellerium

468 3809 605 3873 minimo
627 3808 837 3884 invenerunt„
861 3811 896 3872 el
925 3807 1095 3873 consimile
1117 3828 1310 3894 responsum
1342 3828 1363 3872 a
1393 3806 1527 3894 profem

468 3907 646 3996 Capeliano
655 3909 851 3988 habuerim,
861 3907 1053 3994 adjiciendo,
1065 3909 1132 3975 fido
1141 3908 1325 3987 sucmedie,
1335 3905 1527 3996 posl⁸idem

468 4009 1527 4098 Cancellcriusrevenirslcdhospioiumpredicluminficunm

467 4112 582 4178 horem
604 4118 686 4178 lunc
700 4099 884 4200 proximem
900 4115 1104 4197 sequentem.
1151 4113 1202 4179 Ac
1224 4113 1279 4177 dic
1295 4111 1416 4177 Martis
1439 4117 1527 4179 luno

466 4215 619 4300 proximo
645 4219 804 4301 coquente
826 4212 960 4300 publice
981 4234 1050 4280 vox
1074 4213 1141 4281 fuit
1163 4218 1197 4280 el
1218 4213 1308 4280 mmo
1331 4235 1390 4300 por
1412 4217 1526 4280 cotom

465 4319 638 4386 civilatem
657 4318 838 4406 psediclcm
862 4322 897 4384 el
919 4316 1149 4384 comminatum
1163 4315 1327 4396 Dublinii‚
1343 4317 1434 4403 quod
1449 4339 1527 4406 pro·

499 4596 803 4664 lomenensis.
958 4587 997 4718 ‚f
1049 4620 1528 4684 agofflmnnsnneaem

497 4677 508 4711 ²
518 4677 573 4728 The
583 4691 657 4730 nme
668 4677 692 4728 is
700 4676 799 4730 written
808 4673 955 4740 “Showb'y'

463 4755 604 4808 intheMs
986 4699 1450 4786 'wouldsoemtorequirwqcodss'
