3570 5770
454 880 517 942 284
887 893 1074 942 urrunnu.

452 1078 614 1144 Dominus
643 1099 750 1164 nuper
779 1077 895 1146 Comes
919 1078 1074 1157 Marchie,
1099 1084 1139 1145 ut
1168 1079 1237 1165 ipse
1266 1078 1380 1155 credit,
1404 1076 1510 1143 nichil

452 1181 622 1266 proposuit
652 1185 766 1245 contra
798 1181 905 1266 ipsum
930 1181 1090 1247 Comitem
1115 1181 1155 1246 de
1188 1180 1377 1257 Ormondie,
1413 1185 1448 1244 et
1479 1179 1511 1244 si

452 1281 572 1365 aliquis
602 1281 703 1347 firerit
736 1281 793 1366 qui
826 1283 970 1347 voluerit
1006 1283 1139 1346 nomine
1171 1282 1334 1347 dictorum
1366 1281 1509 1351 Comitis

452 1382 597 1448 Mnrohie
622 1403 680 1447 seu
703 1382 839 1447 Domini
868 1384 908 1449 de
937 1383 1026 1469 Grey
1055 1388 1268 1461 mortuorum,
1291 1382 1347 1448 vel
1376 1384 1404 1448 si
1434 1403 1509 1468 pre-

452 1483 563 1548 dictus
593 1483 756 1548 Dominus
786 1484 834 1550 de·
857 1484 978 1551 Telbot
998 1485 1069 1570 jam
1093 1485 1217 1562 vivens,
1240 1484 1342 1570 aliqui
1368 1483 1423 1548 vel
1445 1483 1506 1547 nli-

452 1585 526 1671 qnis
547 1585 691 1672 ipsorum
708 1584 848 1651 Comitis
870 1586 911 1652 de
928 1585 1085 1664 Marohia,
1102 1585 1239 1651 Domini
1262 1586 1303 1651 do
1326 1584 1425 1671 Grey,
1445 1605 1506 1649 seu

453 1686 590 1751 Domini
620 1687 661 1752 de
691 1686 811 1752 Talbot
843 1688 979 1752 nomine
1018 1689 1145 1753 aliusve
1182 1687 1408 1773 quovismodo,
1446 1685 1506 1750 ali-

452 1809 552 1873 quam
581 1787 753 1853 materiam
784 1788 1000 1874 proditoriam
1023 1790 1058 1854 in
1081 1789 1205 1855 crimen
1227 1790 1291 1854 lese
1321 1788 1506 1874 majestatis

451 1889 699 1954 concludentem
724 1911 780 1954 seu
803 1895 975 1956 sonantem
998 1896 1113 1956 contre
1133 1890 1313 1956 Dominum
1341 1889 1506 1955 Comitem

452 1989 493 2054 do
517 1989 697 2055 Ormondia
726 1996 761 2057 et
786 1991 908 2056 Locum
926 1997 1095 2058 tenentem
1122 2013 1303 2079 proponere
1325 1990 1506 2057 voluerunt

451 2091 507 2156 vel
535 2091 687 2184 voluerit,
718 2093 788 2179 ipse
818 2093 934 2159 Comes
963 2097 998 2159 et
1025 2095 1148 2160 Locum
1170 2099 1287 2158 tenens
1310 2097 1507 2178 preparatus

452 2191 525 2257 est¹
547 2214 581 2258 se
607 2192 779 2260 defendere
802 2199 835 2259 et
858 2216 999 2280 purgare
1026 2195 1069 2260 ad
1099 2195 1232 2260 libitum
1256 2194 1338 2259 dicti
1368 2194 1507 2260 Domini

453 2293 563 2380 Regis,
585 2295 644 2360 ubi
671 2301 706 2360 ct
736 2296 868 2382 quondo
898 2297 1002 2362 eidem
1030 2297 1173 2362 Domino
1198 2301 1312 2361 nostro
1329 2295 1413 2382 Regi
1435 2294 1505 2382 pla-

451 2397 564 2476 cuerit,
579 2418 638 2483 per
659 2419 795 2462 manum
817 2419 911 2462 susm
936 2397 1109 2485 proprium,
1125 2402 1164 2462 ut
1184 2396 1290 2462 fidelis
1311 2396 1408 2462 Miles
1423 2396 1508 2462 dicti

453 2496 589 2562 Domini
608 2500 714 2564 nostri
738 2499 845 2586 Regis,
869 2500 923 2564 vel
947 2499 1013 2564 olio
1037 2499 1133 2564 modo
1155 2503 1265 2584 prout
1280 2499 1368 2563 idem
1390 2497 1507 2564 Domi-

451 2620 514 2664 nus
535 2606 647 2665 noster
670 2600 743 2664 Rex
767 2600 950 2666 decreverit
969 2600 1037 2666 fore
1059 2599 1251 2665 faciendum.
1298 2599 1370 2680 Qus
1393 2599 1507 2664 omnia

451 2706 487 2765 et
509 2700 639 2788 singula
663 2701 751 2766 idem
775 2703 938 2780 Dominus
968 2689 1091 2767 Locum
1113 2707 1230 2768 tenens
1256 2701 1430 2767 mandavit
1454 2702 1507 2765 in·

451 2803 584 2868 actitari
607 2809 641 2868 et
669 2804 706 2868 in
736 2803 853 2869 rotulis
876 2803 1076 2870 Cancellarie
1103 2802 1144 2867 de
1170 2803 1302 2868 recordo
1328 2822 1506 2868 remanere

452 2902 522 2968 Nos
552 2909 664 2970 autem
694 2905 940 2970 memorandum
963 2905 1155 2990 predictum,
1186 2904 1231 2968 ad
1256 2903 1507 2996 requisioionem

451 3005 572 3091 prefati
610 3004 734 3070 Locum
771 3012 921 3072 nostrum
956 3005 1110 3083 tenentis,
1148 3009 1262 3071 tenore
1299 3005 1509 3090 presencium

452 3105 608 3171 duximus
638 3107 969 3192 exemplifioandum.·
1001 3107 1042 3170 In
1068 3105 1161 3191 cujus
1194 3106 1242 3170 rei
1277 3105 1508 3170 testimonium

451 3206 511 3270 hes
532 3205 645 3270 literas
662 3213 793 3272 nostras
811 3207 883 3274 fieri
901 3208 1037 3273 fecimus
1054 3211 1214 3293 patentes
1260 3206 1355 3272 Teste
1376 3207 1508 3293 prefato

323 3302 326 3315 '
452 3307 574 3373 Locum
589 3314 725 3374 tenente
737 3309 825 3395 apud
842 3309 1050 3386 Dublinium,
1059 3307 1162 3374 tercio
1177 3306 1230 3375 die
1245 3308 1401 3395 Augusti,
1416 3329 1509 3372 anno

451 3409 545 3496 regni
566 3410 672 3475 nostri
695 3407 873 3476 vicesimo.l

1347 3510 1461 3576 nrm

830 3622 1021 3704 Rrosnnuu
1043 3637 1135 3718 Row,
1159 3642 1194 3703 et
1292 3637 1478 3808 }Olefim

829 3729 853 3794 J
855 3742 1027 3794 onrnunu
1050 3727 1277 3806 onerosus,

497 3682 694 3750 Extractum
710 3704 767 3771 per
796 3641 818 3812 ζ

486 4106 569 4156 ¹'l'his
591 4108 660 4156 word
678 4105 701 4155 is
717 4104 850 4156 interlined
866 4105 893 4155 in
910 4105 953 4156 the
1000 4105 1043 4156 the
1060 4111 1174 4169 sceptro,
1193 4105 1238 4155 the
1248 4119 1358 4166 reverse,
1369 4107 1512 4173 qmrrerly,

451 4185 507 4238 MS.
1003 4191 1012 4234 1
1036 4185 1087 4235 end
1113 4191 1128 4233 4
1152 4184 1235 4235 semis
1254 4183 1286 4234 of
1300 4183 1378 4234 fleurs
1406 4186 1438 4235 de
1468 4186 1512 4249 lis,

485 4258 643 4324 'Aportion
663 4259 747 4311 osthe
765 4266 837 4325 great
853 4260 951 4320 seal,in
1001 4264 1086 4313 aand
1106 4267 1131 4322 8,
1148 4262 1220 4312 three
1240 4261 1306 4312 lions
1325 4271 1428 4326 pussant
1449 4279 1511 4328 gar-

451 4341 529 4393 white
557 4353 623 4400 wax,
647 4339 756 4390 remum
784 4338 875 4388 nffixed
893 4347 953 4388 toa
1000 4341 1223 4402 dant,forFrrnce
1237 4339 1425 4404 andhlnglanrl
1449 4341 1509 4395 The

451 4421 499 4484 slip
522 4417 551 4468 of
575 4418 725 4481 parchment
748 4424 791 4468 out
818 4416 883 4467 from
909 4416 952 4467 the
1000 4419 1130 4485 legendis
1147 4435 1222 4484 gone.
1257 4417 1314 4469 The
1329 4420 1469 4470 document
1485 4421 1510 4472 is

451 4499 549 4547 bottom
577 4496 607 4545 of
624 4495 667 4547 the
684 4496 828 4558 document,
844 4497 890 4544 but
907 4501 952 4544 not
1000 4498 1181 4549 endorscdina
1192 4497 1262 4548 hand
1272 4497 1302 4546 of
1309 4495 1352 4546 the
1364 4497 1424 4548 loth
1440 4511 1508 4552 cent

452 4578 561 4628 serered.
596 4575 651 4626 The
672 4577 777 4626 obverso
796 4576 826 4625 cf
841 4575 885 4625 the
900 4575 952 4624 soal
1001 4577 1049 4626 “A
1066 4573 1232 4626 Testimoniol!
1241 4576 1274 4640 qs
1278 4576 1438 4640 acquiram
1451 4595 1511 4629 cou-

450 4657 534 4708 shows
563 4656 606 4706 the
631 4655 704 4721 king,
728 4657 820 4716 sured,
848 4653 953 4718 holding
1000 4653 1238 4720 mainpcrteErle
1248 4651 1424 4717 ff'Omouffl'
