3592 5766
674 847 774 906 xvrffl
797 853 955 905 arcesso
978 855 1013 904 11.
1304 839 1363 904 201

362 1047 442 1114 Fiat
471 1046 631 1133 protectio
654 1044 791 1112 Domini
815 1043 916 1132 Regis
937 1064 1013 1110 cum
1037 1041 1184 1110 clausula
1206 1039 1368 1108 Volumus
1417 1055 1502 1121 [roa]

322 1173 380 1238 pro
401 1148 555 1216 «iohanne
589 1148 744 1227 Howthe,
768 1146 826 1232 qui
850 1146 887 1212 in
912 1145 1069 1232 obsequio
1104 1143 1242 1210 Domini
1268 1143 1369 1230 Regis
1383 1147 1521 1243 &potty-

321 1255 358 1320 in
388 1257 477 1318 terra
506 1273 567 1319 sus
598 1249 760 1317 Hibernis
793 1270 852 1336 per
883 1252 1073 1336 preceptum
1103 1251 1254 1314 nostrum
1275 1248 1513 1344 ocou-pgppggssfn

323 1359 421 1444 patus
443 1353 568 1433 existit,
593 1373 696 1440 usque
726 1351 770 1418 ad
792 1351 914 1418 festum
938 1349 1085 1436 Philippi
1107 1355 1141 1415 et
1163 1349 1282 1415 Jacobi
1299 1349 1371 1436 jem
1382 1349 1518 1453 {msam

320 1456 510 1545 proximum
527 1452 656 1522 futuro¹
681 1458 756 1542 post
779 1453 895 1519 datum
917 1451 1120 1540 presentium
1144 1451 1312 1531 duratura,
1334 1451 1515 1548 inlggffiss'*

323 1561 428 1626 forma
451 1557 564 1624 debita
593 1562 629 1624 et
654 1560 817 1623 consueta
864 1556 991 1621 Datum
1021 1554 1112 1642 apud
1143 1554 1256 1640 Trym,
1277 1553 1371 1640 xxiij.

323 1662 377 1728 die
401 1659 527 1746 Marcii
548 1680 636 1725 anno
657 1657 752 1745 regni
775 1657 874 1744 seges
898 1657 1032 1723 simu
1055 1655 1199 1722 aecanos
1221 1655 1304 1742 xvjo.

369 1851 456 1932 Quia
478 1850 519 1918 de
540 1851 652 1940 gracia
674 1849 807 1938 speciali
837 1849 974 1917 Domini
995 1847 1102 1916 nostri
1125 1849 1226 1938 Regis
1248 1870 1373 1916 conces-
1420 1872 1505 1938 [rea]

325 1954 427 2020 simus
442 1953 591 2020 Johanni
614 1952 761 2018 Howthe
776 1952 954 2019 tuicionem
976 1957 1011 2019 et
1034 1952 1262 2018 sufferenciam
1284 1952 1373 2039 paois
1385 1963 1524 2058 ffipprsa

325 2055 461 2122 Domini
484 2055 594 2143 Regis,
618 2077 681 2142 que
709 2054 885 2141 adipsum
914 2055 1069 2141 pertinet,
1093 2054 1171 2120 hinc
1196 2076 1301 2142 usque
1323 2055 1366 2120 ad
1385 2063 1543 2158 ”wss‘tssssm

325 2158 445 2223 festum
468 2156 613 2244 Philippi
636 2164 671 2223 et
685 2154 804 2223 Jacobi
821 2155 893 2242 jam
915 2155 1104 2244 proximum
1125 2157 1277 2224 futurum
1298 2119 1493 2273 postffiggllip

326 2259 442 2326 datum
473 2259 687 2347 presentium,
721 2257 800 2324 lieet
836 2258 925 2324 idem
958 2257 1127 2323 Johannes
1160 2259 1201 2324 de
1235 2259 1375 2324 diversss

324 2360 648 2450 transgressionibus,
678 2359 900 2426 sedicionibus
921 2363 956 2425 et
985 2359 1115 2426 teloniis
1137 2365 1197 2426 aut
1227 2359 1300 2426 eliis
1334 2359 1375 2426 de

326 2463 431 2530 causis
463 2463 655 2541 indictatus,
688 2465 863 2540 areatatus,
896 2459 1082 2549 appellatus
1114 2483 1172 2528 seu
1204 2463 1376 2550 utlagatus

327 2565 459 2632 existat.
519 2563 576 2630 lta
613 2570 728 2630 tamen
765 2564 853 2648 quod
886 2563 1053 2650 predictus
1090 2558 1263 2630 lohannes
1300 2586 1378 2652 erga

327 2667 453 2734 dictum
491 2665 673 2732 Dominum
711 2664 844 2752 Regem,
882 2686 942 2731 nos
979 2663 1033 2730 et'
1051 2664 1183 2731 fidelem
1219 2665 1377 2754 populum

329 2790 426 2835 suum
441 2769 552 2835 medio
572 2773 719 2856 tempore
734 2764 838 2834 bone'
855 2771 891 2834 et
911 2766 1055 2834 fideliter
1076 2789 1111 2833 se
1123 2773 1234 2855 gerat.
1280 2768 1380 2834 Fiant

328 2872 405 2938 inde
427 2892 487 2959 pro
512 2869 629 2937 eodem
652 2870 749 2936 litere
775 2873 928 2957 patentes
950 2868 1033 2936 dicti
1058 2869 1196 2935 Domini
1219 2869 1320 2958 Regis
1342 2871 1378 2935 in
1393 2896 1505 2951 [ram.

329 2975 433 3043 forma
461 2975 575 3040 debita
603 2977 638 3040 et
664 2979 830 3040 consueta
876 2973 1002 3039 Datum
1031 2973 1121 3061 apud
1145 2975 1257 3062 Trym,
1282 2974 1375 3061 xxiij.
1388 2948 1521 3044 &cifimus

329 3077 382 3142 die
404 3075 530 3162 Marcij,
561 3097 648 3141 auno
682 3075 777 3162 regni
806 3074 907 3162 Regis
937 3073 1072 3142 Ricardi
1099 3075 1244 3143 Secundi
1267 3084 1376 3144 sexto·
1389 3048 1546 3144 ibifinind'

330 3177 462 3245 decimo.
1389 3150 1534 3245 somma

695 3337 788 3403 John
810 3335 1051 3424 Otbyrwirne⁸

376 3473 455 3538 Fiat
489 3473 675 3541 commissio
702 3472 840 3539 Domini
873 3474 983 3561 Regis,
1016 3473 1079 3540 sub
1111 3475 1215 3562 ipsius
1257 3498 1377 3566 magno
1425 3493 1511 3560 [rea]

332 3575 440 3662 sigillo
462 3597 528 3661 quo
551 3577 661 3640 utitur
687 3574 724 3641 in
746 3575 920 3654 Hibernia,
952 3574 1101 3642 Johenni
1136 3576 1290 3658 Howthe,
1314 3580 1377 3646 cle-
1407 3585 1529 3628 *ll-1³⁹³·

1389 3633 1442 3678 sut
1451 3635 1487 3677 for
1494 3646 1509 3677 a

332 3677 408 3754 rico,
431 3675 474 3742 ad
496 3677 735 3763 inquirendum
758 3677 945 3765 specialiter
974 3677 1016 3742 de
1046 3678 1200 3744 omnibus
1229 3681 1378 3747 articulis
1389 3685 1534 3778 ffiiffwn

288 3781 290 3786 ’
333 3778 428 3865 officij
453 3777 620 3844 Escaetrie
643 3777 781 3845 Domini
805 3779 905 3866 Regis
927 3780 1154 3866 tangentibus,
1177 3782 1277 3847 etad
1299 3785 1498 3896 que-3233&

332 3902 470 3967 cumque
483 3881 580 3960 bona,
597 3881 727 3962 catalla,
741 3886 856 3962 terras,
871 3881 1030 3960 redditus,
1045 3886 1236 3949 tenemento
1258 3889 1292 3950 et
1306 3907 1379 3972 pos·
1390 3886 1543 3979 gfi‘fflgw

333 3983 490 4049 sessiones
521 4004 811 4070 quorumcumque,
841 4005 968 4050 necnon
995 3983 1172 4064 custodias,
1203 3985 1517 4080 maritagiagj·,¹,¹,¹,¹⁰,5,²g⁰¹

333 4091 368 4150 et
389 4085 456 4150 alia
478 4090 604 4152 escaeta
620 4085 711 4151 dicto
726 4085 870 4152 Domino
894 4086 979 4174 Regi
1000 4086 1211 4173 pertinentia,
1227 4088 1330 4173 juxta
1343 4088 1522 4190 et0523‘3,

333 4187 515 4254 secundum
545 4192 695 4254 tenorem
715 4187 973 4275 inquisicionum
995 4190 1218 4277 predictamm
1247 4190 1285 4254 in
1310 4213 1377 4256 ma·
1390 4188 1514 4283 {min

333 4311 415 4354 num
429 4289 512 4354 dicti
535 4289 672 4356 Domini
696 4290 796 4377 Regis
819 4291 978 4378 capienda
995 4297 1030 4357 et
1045 4293 1203 4372 seisanda,
1226 4293 1379 4380 ipsasque

332 4390 564 4478 inquisiciones
586 4392 623 4457 in
646 4391 850 4458 Oauoellaria
873 4393 1011 4458 Domini
1035 4392 1136 4481 Regis
1158 4395 1195 4459 in
1217 4394 1381 4461 Hibernia

367 4609 374 4640 ¹
389 4608 434 4659 Sic
444 4609 473 4658 in
483 4608 540 4660 MS.
882 4610 962 4661 blank
983 4625 1056 4676 space
1074 4611 1185 4663 between
1204 4613 1253 4663 No.
1275 4615 1320 4664 167
1333 4615 1383 4664 and

367 4685 542 4738 manns
885 4695 939 4752 168,
955 4689 982 4740 in
1000 4690 1043 4741 the
1067 4705 1135 4741 same
1160 4691 1206 4741 inlr
1231 4693 1282 4744 and
1301 4691 1382 4744 hand·

365 4769 374 4798 ¹
389 4765 454 4819 This
464 4783 540 4818 name
555 4766 689 4820 iswritten
706 4781 773 4832 upon
790 4768 837 4820 ube
881 4770 984 4836 uriting
992 4785 1020 4821 as
1031 4769 1101 4822 these
1113 4771 1214 4824 eunies.
