3570 5770
393 811 456 880 272
826 829 1011 880 uersuum.

392 1012 558 1079 Officiario
580 1019 694 1080 nostro
715 1019 803 1080 terre
825 1020 937 1082 nostre
960 1014 1115 1101 predicte,
1144 1014 1278 1100 urgenti
1300 1010 1440 1078 necessi-

391 1118 462 1180 tate
484 1137 539 1180 eos
561 1117 657 1181 modo
681 1122 828 1203 cogente,
852 1121 892 1182 ut
914 1117 1140 1204 supradictum
1163 1121 1221 1194 est,
1237 1121 1271 1182 et
1294 1115 1356 1181 sub
1379 1111 1442 1180 hac

223 1243 253 1274 on
262 1229 379 1291 corruition
392 1217 588 1296 condicione,
611 1218 700 1303 quod
722 1239 864 1304 coygues
878 1217 962 1283 dicti
977 1217 1118 1284 Comitis
1133 1223 1168 1284 et
1187 1219 1358 1304 capcioues
1373 1221 1441 1285 vic-

223 1281 276 1324 chat-
285 1281 369 1333 congre

224 1331 361 1424 {puppem
393 1317 542 1396 molium,
564 1319 686 1404 absque
709 1319 873 1386 solucione
888 1319 1002 1385 debita
1017 1340 1075 1406 pro
1091 1319 1214 1385 eisdem
1235 1321 1273 1384 in
1286 1323 1442 1387 manibus

224 1430 358 1524 ffldl'
391 1419 548 1501 faciende,
564 1443 601 1486 ac
616 1421 830 1487 libernciones
845 1421 882 1486 in
897 1421 1015 1509 petrin,
1030 1421 1071 1486 de
1086 1427 1202 1500 cetero,
1218 1443 1278 1508 pro
1293 1428 1443 1510 tempore
1464 1413 1470 1420 ’

172 1587 178 1594 ,
224 1531 265 1624 {1¹}ss
269 1493 366 1633 ἔοιξιὲἓῗ
393 1542 458 1606 quo
472 1521 496 1586 J
497 1521 685 1588 usticierius
704 1527 791 1588 terre
806 1528 917 1588 nostre
932 1523 1078 1609 predicte
1100 1519 1208 1602 fuerit,
1225 1523 1358 1590 omnino
1373 1546 1442 1590 ces·

224 1630 351 1725 {ffilst‘ss}
392 1629 467 1688 sent
485 1629 520 1689 ct
541 1625 774 1702 adnullentur3
802 1631 837 1692 et
860 1624 963 1691 eciem
985 1625 1198 1710 protestando
1223 1624 1311 1710 quod
1332 1626 1443 1691 nolint

225 1732 356 1827 &pm
392 1745 452 1790 nec
473 1725 655 1792 intendunt
685 1727 773 1813 qnod
806 1727 873 1792 ista
905 1726 1078 1808 concessio,
1108 1747 1168 1813 per
1196 1727 1283 1812 ipsos
1310 1727 1347 1792 iu
1379 1727 1442 1792 hac

225 1793 321 1877 cenent?
393 1825 514 1892 eximin
536 1827 727 1894 necessitate
750 1850 809 1894 sun
831 1849 891 1916 pro
913 1849 1026 1894 eorum
1053 1827 1237 1894 salvacione
1261 1833 1297 1894 et
1328 1829 1441 1896 defen-

393 1928 484 1994 sione
510 1928 605 2008 fccte,
631 1929 847 2016 imposterum
874 1929 1028 1995 trahatur
1051 1930 1088 1994 in
1110 1929 1307 2015 exemplum,
1324 1951 1385 1996 uec
1406 1931 1444 1995 in

393 2051 481 2095 nova
503 2031 740 2097 constitucione
763 2030 1032 2098 Justicieriorum
1063 2051 1121 2096 seu
1151 2030 1290 2096 oliorum
1315 2031 1445 2099 Guber-

393 2136 547 2197 natorum
586 2136 672 2198 terre
710 2133 855 2220 predicte
898 2133 1021 2198 futuris
1050 2131 1254 2218 temporibus
1291 2133 1328 2197 iu
1366 2155 1443 2200 oon·

395 2231 608 2319 sequencicm.
655 2235 701 2301 Et
722 2256 820 2321 super
844 2234 906 2300 hoo
928 2233 996 2300 isto
1020 2234 1213 2321 petiverunt
1236 2233 1308 2298 fieri
1331 2235 1371 2300 de
1394 2257 1447 2301 re-

395 2334 492 2400 cordo
529 2335 566 2400 in
596 2334 802 2402 Cancellcrio
839 2341 955 2402 nostru
991 2334 1147 2423 predicto
1222 2335 1293 2401 Nos
1330 2341 1446 2402 cutem

331 2479 334 2486 ·
395 2437 684 2504 irrotulounentum
723 2439 909 2525 predictum
947 2437 991 2504 cd
1035 2437 1285 2524 requisioionem
1330 2439 1447 2505 dilecti

395 2539 492 2605 nobis
523 2539 697 2606 Willielmi
726 2541 931 2607 FitzGeraut
961 2544 1076 2605 tenore
1114 2540 1318 2626 presencium
1348 2540 1448 2606 duxi-

396 2663 471 2706 mus
494 2641 811 2730 exemplificnndum.
858 2641 900 2707 In
926 2641 1018 2728 cujus
1052 2641 1101 2707 rei
1134 2640 1361 2706 testimonium
1384 2643 1447 2708 hus

399 2742 513 2810 literas
546 2749 676 2810 nostras
706 2745 779 2811 fieri
812 2743 947 2810 fecimus
984 2746 1142 2830 patentes
1187 2743 1283 2810 Teste
1315 2743 1446 2830 prefato

399 2844 530 2911 Comite
569 2845 733 2926 Ermonie,
767 2844 961 2912 Justioicrio
999 2848 1112 2909 nostro
1147 2842 1318 2924 Hibernis,
1356 2847 1449 2933 apud

392 2943 604 3028 ‘Dubliuium
632 2947 691 3012 xii.
716 2947 771 3014 dis
796 2947 912 3013 Marcii
936 2967 1023 3012 nuno
1047 2945 1140 3033 regui
1163 2945 1269 3011 nostri
1292 2947 1435 3040 quinto..¹

1150 3069 1355 3138 Evunnouu.

430 3324 581 3374 ¹lludorsed
603 3322 630 3373 in
651 3338 667 3374 a
685 3321 754 3374 hond
773 3323 804 3373 oi
816 3338 897 3373 uome-
945 3327 961 3352 ‘⁴
980 3324 1006 3372 in
1033 3322 1072 3372 tle.
1099 3317 1200 3372 uicem
1222 3323 1256 3384 os
1272 3321 1311 3372 tle
1333 3321 1450 3389 Depuly,

396 3405 463 3455 what
485 3405 548 3454 luter
566 3405 624 3454 doto
644 3400 706 3453 than
725 3399 767 3453 the
783 3403 852 3468 body
870 3401 899 3452 of
945 3403 962 3430 “
980 3401 1041 3452 5H.
1055 3407 1070 3451 8
1086 3401 1166 3466 [recte
1178 3397 1236 3467 t].”

396 3485 440 3536 the
452 3486 604 3534 documentc
622 3487 637 3512 ‘⁴
644 3481 800 3548 Imperiosus
815 3483 896 3546 crq'uc·
978 3485 993 3510 ‘⁴
1003 3478 1144 3530 Allowcncc
1160 3487 1185 3528 lo
1199 3479 1288 3529 Tlrerle
1296 3480 1346 3544 sor
1362 3479 1450 3548 tulino

368 3571 371 3578 ⁴
396 3567 413 3594 “
430 3563 486 3612 dum
514 3560 686 3612 memorandi-’³
742 3559 826 3611 'I'here
853 3575 896 3612 ure
945 3564 962 3590 ‘¹
979 3575 1061 3624 oppon
1081 3557 1130 3608 tim
1148 3567 1172 3608 to
1193 3557 1222 3608 bc
1243 3557 1354 3624 Depulie
1380 3561 1451 3625 cflcr

397 3643 450 3694 nlso
476 3641 520 3691 the
547 3648 597 3691 two
623 3639 753 3704 following
780 3641 896 3690 eudorus-
944 3643 960 3668 “
978 3638 1032 3688 tlct
1051 3637 1095 3688 Sir
1109 3637 1204 3703 Georpe
1223 3637 1304 3703 [recte
1322 3637 1447 3708 Stephon]

396 3727 479 3770 mente
496 3719 523 3768 in
538 3733 554 3769 a
571 3719 639 3770 hund
659 3719 690 3768 oi
701 3719 745 3769 the
762 3719 821 3768 loth
839 3734 896 3768 cen·
944 3722 960 3747 ‘⁸
981 3716 1083 3784 Serape,
1097 3715 1206 3782 Deputic
1225 3718 1258 3782 os
1269 3715 1380 3779 Irelcnd,
1399 3737 1450 3788 mcc

397 3808 473 3864 tury:
498 3797 616 3858 “Jamen
636 3795 719 3847 Ecrle
736 3797 769 3861 os
781 3795 896 3858 Οηηοηᾰ,
945 3801 959 3826 “
978 3797 1076 3860 away.'’
1109 3795 1166 3847 The
1184 3794 1248 3859 strip
1267 3803 1295 3845 to
1309 3796 1393 3844 which
1404 3797 1451 3849 the

399 3880 415 3908 ‘⁴
432 3877 517 3927 claren
529 3875 560 3940 ty
571 3876 611 3926 tte
624 3874 740 3926 Councell
749 3877 782 3941 os
795 3874 898 3925 Ireland
946 3875 1026 3928 Grent
1042 3874 1100 3926 Seul
1111 3875 1141 3924 of
1153 3874 1254 3926 Ireland
1268 3888 1320 3923 vus
1331 3875 1450 3927 attached

395 3959 413 3986 “
430 3963 454 4006 to
477 3954 505 4005 bc
531 3953 657 4006 Gouemor
684 3953 736 4006 uod
762 3952 897 4004 Comcndcr
945 3954 1064 4016 remeius,
1076 3955 1122 4006 but
1131 3951 1271 4005 thessalis
1282 3952 1339 4003 lost.
