3570 5770
767 885 953 936 arrarum.
1304 867 1367 940 279
1453 945 1456 952 ,

314 1073 351 1134 to
371 1089 455 1155 your
474 1069 574 1156 seyde
590 1068 800 1135 Lieutenant.
845 1069 924 1134 And
945 1069 1020 1136 seth
1040 1069 1102 1156 hyt
1123 1091 1164 1155 ys
1187 1089 1223 1134 so
1238 1072 1293 1156 pat
1308 1069 1371 1154 hys

315 1169 472 1257 febylnys
495 1171 532 1236 of
550 1171 621 1237 rulo
643 1167 715 1237 was
734 1192 770 1236 so
793 1171 907 1236 moche
929 1171 1012 1236 drad
1033 1176 1070 1237 to
1093 1171 1134 1237 be
1150 1169 1289 1257 Depute,
1305 1170 1370 1256 hyt

314 1291 354 1358 ys
367 1277 405 1337 to
424 1293 564 1360 suppose
584 1294 674 1338 more
696 1277 733 1338 to
755 1273 797 1339 be
820 1273 903 1338 drad
924 1271 991 1358 yyi'
1008 1271 1049 1338 he
1066 1293 1151 1338 were
1165 1293 1250 1358 your
1272 1271 1380 1338 Lien-

315 1377 435 1439 tenant
457 1374 524 1439 and
538 1375 606 1440 had
621 1374 680 1440 the
698 1374 769 1439 rule
790 1375 874 1461 hym
899 1373 985 1442 selfe
1032 1373 1196 1440 Omnibus
1219 1373 1370 1460 perlectis
1381 1386 1528 1481 fflimdllfn
1516 1399 1538 1472 r·

314 1474 403 1542 idern
429 1475 593 1543 Dominus
616 1475 740 1542 Locum
769 1481 886 1542 tenens
915 1477 1048 1564 rogavit
1071 1497 1184 1541 omnes
1206 1439 1528 1600 predictos‘glllfotus}¹

315 1577 357 1643 de
380 1577 527 1645 Consilio
549 1578 687 1650 Domini
710 1578 809 1666 Regis
839 1577 1017 1665 predicti
1008 1599 1044 1642 ιιι
1068 1537 1512 1683 02ffl0ffl00110flfilfi2212¹f⁸

315 1679 464 1764 predicta
484 1684 566 1746 tunc
583 1680 772 1762 existentes,
796 1679 885 1746 dieto
909 1677 1108 1746 (lancellario
1131 1679 1297 1746 duntaxat
1311 1699 1369 1744 ex·

315 1785 419 1866 cepto,
442 1786 481 1848 ut
506 1782 688 1846 transirent
717 1785 752 1846 et
781 1781 864 1846 ad
854 1781 997 1847 invicem
1031 1781 1310 1848 communicarent
1340 1779 1370 1846 si

316 1876 398 1943 dicti
437 1879 568 1945 articuli
601 1879 656 1943 vel
686 1878 806 1964 aliquis
840 1879 984 1964 ipsorum
1017 1878 1231 1945 articulorum
1264 1880 1302 1943 in
1335 1900 1369 1944 se

315 1980 490 2045 veritatem
514 1981 705 2046 contineant
727 1985 788 2046 aut
810 1980 987 2062 contineat,
1006 1986 1041 2047 et
1063 1980 1143 2066 quid
1165 2002 1263 2068 super
1284 1982 1370 2046 veri-

316 2079 408 2146 tatc¹
440 2082 654 2148 articulorum
684 2082 906 2168 predictorum
943 2103 1002 2147 seu
1032 2081 1219 2168 aliquorum
1252 2104 1368 2148 eorun-

316 2181 392 2247 dem
414 2183 587 2262 sentirent,
603 2205 712 2249 ooram
734 2183 824 2249 dicto
840 2182 1051 2260 Cancellario,
1075 2188 1115 2249 ut
1137 2205 1235 2270 super
1257 2205 1369 2250 eorum
1452 2193 1454 2198 ’

316 2283 521 2382 deposicione
545 2283 599 2350 et⁹
620 2285 669 2350 rei
684 2284 851 2350 veritate'
841 2306 878 2349 111
891 2283 1057 2371 premissis
1070 2283 1201 2350 fidelem
1224 2286 1369 2372 poterint

316 2385 405 2451 dieto
426 2367 569 2453 Domino
594 2390 707 2453 nostro
731 2386 814 2473 Regi
843 2385 1112 2452 certificacionem
1134 2387 1368 2467 transmittere,

262 2509 268 2520 ·
315 2487 532 2554 testificarent
557 2493 592 2554 et
621 2488 829 2575 deponerent
876 2487 943 2568 Qui
973 2487 1161 2555 Conciliarii
1194 2489 1238 2554 ad
1269 2489 1369 2555 aliam

316 2609 478 2654 cameram
511 2589 599 2655 insra
636 2590 763 2656 dictum
800 2589 1037 2655 monasterium
1070 2589 1229 2656 situatam
1262 2596 1368 2657 trans-

316 2695 439 2770 euntes,
456 2695 491 2758 et
505 2696 581 2778 post
595 2696 745 2757 mutuam
760 2691 1090 2757 eommunicacionem
1105 2695 1140 2757 et
1161 2691 1369 2759 collusionem

314 2791 404 2858 inter
425 2813 460 2859 se
482 2781 640 2874 habitam,
660 2793 784 2859 dictam
807 2792 978 2860 cameram
1002 2791 1141 2860 Ooucilii
1161 2793 1369 2875 reintrantcs,

315 2893 478 2960 Dominus
501 2895 684 2960 Edwardus
715 2895 920 2976 Somertoun,
953 2891 1107 2961 Serviene
1129 2893 1272 2981 predicti
1301 2895 1369 2962 Do-

316 2998 399 3062 mini
423 2997 589 3084 Regisad
616 2995 746 3085 Legem,
771 3001 812 3062 ut
834 2997 1022 3084 prolocutor
1042 2997 1188 3084 ipsorum
1222 2997 1369 3063 omnium

315 3100 358 3165 de
373 3098 519 3166 Oonsilio
536 3103 619 3164 tunc
640 3099 884 3176 reintrancium,
899 3099 980 3178 vice,
997 3099 1131 3164 nomine
1145 3103 1180 3164 et
1194 3100 1369 3165 voluntate

316 3201 461 3287 ipsorum
485 3200 643 3278 omnium,
659 3205 699 3266 ut
720 3199 784 3287 ipsi
807 3221 919 3265 omnes
940 3199 1142 3278 fatebantur,
1157 3201 1200 3265 ad
1222 3201 1369 3287 singulos

317 3303 472 3368 articulos
499 3302 713 3368 articulorum
743 3301 965 3388 predictorum
996 3301 1111 3368 taliter
1139 3301 1359 3389 respondebat

317 3404 438 3483 Primo,
461 3425 527 3490 quo
541 3405 585 3469 ad
598 3403 741 3490 primum
757 3403 933 3468 articulum
956 3401 1055 3483 dixit,
1078 3402 1166 3487 quod
1183 3422 1251 3467 non
1274 3402 1368 3467 eudi-

316 3510 438 3572 verrmt
462 3505 551 3591 quod
573 3509 732 3572 contenta
753 3504 790 3570 in
819 3505 891 3591 ipso
921 3503 1062 3570 articulo
1087 3503 1125 3568 in
1145 3501 1367 3570 Parliamento

315 3607 463 3695 predicto
477 3628 536 3694 per
550 3606 710 3672 Dominos
728 3603 924 3692 Spiritualca
939 3627 997 3671 seu
1011 3604 1218 3691 Temporalcs
1231 3603 1366 3670 fuerunt

315 3709 547 3796 aliquomodo
576 3712 668 3774 mota
705 3729 763 3773 seu
795 3707 986 3773 desiderata.
1032 3705 1078 3771 Et
1107 3725 1173 3790 quo
1187 3706 1241 3770 ad
1263 3706 1366 3771 alium
1440 3765 1443 3772 ι

315 3810 492 3877 articulum
527 3809 741 3875 articulorum
775 3808 998 3894 predictorum
1030 3807 1119 3874 dixit
1142 3808 1252 3886 eciam,
1277 3806 1366 3894 quod

314 3933 485 3999 nunquam
503 3913 716 3998 perceperunt
733 3931 840 3995 neque
862 3909 1032 3975 sciuerunt
1046 3907 1135 3994 quod
1153 3913 1308 3975 contenta
1330 3909 1366 3973 in

314 4014 386 4100 ipso
409 4013 548 4079 articulo
570 4016 650 4077 sunt
670 4033 729 4077 seu
752 4010 885 4076 fuemnt
905 4031 994 4076 vera.
1040 4009 1087 4075 Et
1108 4030 1173 4095 quo
1198 4011 1241 4075 ad
1263 4009 1366 4076 alium

315 4113 490 4182 articulum
499 4113 713 4179 articulorum
727 4112 949 4199 predictorum
961 4109 1050 4176 dixit
1058 4112 1170 4189 eciam,
1182 4109 1271 4197 quod
1281 4133 1367 4176 nun·

315 4239 414 4302 quam
429 4216 631 4282 audiverunt
645 4213 734 4300 quod
745 4213 933 4280 substancia
944 4213 1184 4280 Generoeorum
1199 4233 1257 4278 seu
1268 4211 1365 4278 Com-

315 4319 466 4383 munium
491 4323 577 4383 terre
599 4315 745 4403 predicte
765 4314 1039 4381 desideraverunt
1063 4315 1176 4380 literas
1202 4314 1366 4400 predictas

314 4420 510 4508 tripartitae,
533 4422 634 4506 prout
655 4417 805 4504 superius
826 4417 993 4494 recitatur,
1007 4413 1181 4481 indentari.
1227 4415 1367 4504 Insuper

583 4693 590 4726 ¹
605 4693 650 4744 Sir
661 4693 689 4744 in
701 4691 758 4743 MS.

579 4771 590 4804 ²
601 4771 665 4824 This
676 4772 746 4822 sord
757 4770 779 4822 ie
790 4768 925 4825 interliaed
935 4767 964 4818 in
975 4767 1017 4822 tta
1028 4765 1084 4820 MS.
