3570 5770
421 896 486 960 282
856 907 1039 959 mnsam

420 1087 499 1152 mod
521 1090 557 1153 to
578 1085 621 1153 be
642 1087 829 1175 prisowned
850 1087 989 1175 Jenlryn
1005 1088 1135 1168 Gallan,
1158 1090 1358 1178 dcc-prout
1380 1111 1478 1178 supe-

420 1189 489 1254 rius
511 1190 677 1268 recitatur,
707 1191 821 1258 taliter
849 1193 1070 1278 respondebat
1100 1191 1141 1257 ad
1173 1191 1303 1281 singola
1327 1191 1364 1257 in
1387 1192 1478 1258 dicto

419 1290 559 1356 articulo
573 1295 731 1358 contenta
746 1292 975 1379 perordinem.
1014 1292 1134 1371 Primo,
1150 1315 1215 1379 quo
1231 1294 1275 1358 ad
1289 1293 1477 1382 capcionem

421 1391 544 1458 Prioris
568 1393 610 1459 da
636 1393 885 1473 Conalle,dixit
905 1393 1148 1480 quodquidam
1170 1395 1275 1460 frater
1296 1395 1476 1462 Mauricius

420 1493 591 1580 Mydwyd
603 1493 788 1562 Oanonicus
799 1495 973 1582 Regularis
988 1496 1157 1563 Prioratus
1173 1496 1289 1564 Sancti
1298 1495 1474 1576 Wolstani,

419 1595 646 1662 Dublinicnsis
669 1597 813 1675 diocesis,
838 1596 986 1663 obtinuit
1003 1598 1079 1684 jure
1110 1598 1326 1665 ecclesiastico
1348 1598 1476 1665 dictum

420 1697 606 1763 Prioratum
640 1698 681 1763 da
711 1697 846 1764 Conalle
879 1702 993 1765 contra
1027 1698 1217 1787 Philippum
1249 1699 1363 1787 Stoyle
1393 1703 1476 1766 tunc

419 1797 566 1865 Priorem
586 1799 741 1886 ejusdem,
756 1805 790 1868 at
812 1799 958 1888 ejusdam
971 1801 1217 1888 *possessionem
1233 1806 1307 1868 erat
1324 1801 1473 1887 adeptus,

418 1905 454 1966 et
475 1921 584 1986 quare,
600 1905 640 1967 ut
662 1901 750 1967 idem
772 1901 874 1967 frater
890 1902 1069 1969 Mauricius
1084 1903 1182 1984 dixit,
1198 1909 1233 1969 et
1250 1903 1350 1969 fidem
1368 1923 1476 1968 sacra-

419 2003 609 2068 mentaliter
631 2002 710 2068 fecit
732 2003 821 2070 dicto
844 2003 968 2071 comiti
997 2008 1078 2070 tnnc
1108 2003 1191 2070 dicti
1213 2005 1349 2071 Domini
1372 2005 1475 2092 Regis

419 2103 542 2169 Locum
564 2105 702 2184 tenenti,
725 2105 814 2191 quod
843 2105 986 2172 timebat
1015 2111 1155 2172 mortem
1185 2111 1220 2173 et
1248 2105 1474 2173 membrorum

418 2206 665 2273 mutilaaionem
697 2229 758 2294 per
790 2207 917 2273 dictum
950 2207 1087 2274 fratrem
1123 2207 1315 2296 Philippum
1346 2208 1474 2295 Stoyle,
1572 2291 1575 2298 Ι

418 2313 500 2375 tunc
525 2309 608 2375 dicti
637 2309 807 2376 Prioratus
839 2330 873 2374 sc
903 2309 1050 2376 Priorem
1084 2315 1294 2388 asserentem,
1319 2315 1354 2375 et
1384 2331 1473 2392 suos,

418 2411 484 2478 sibi
505 2411 719 2490 inferendam,
733 2411 804 2499 ipse
826 2410 949 2476 Locum
969 2415 1180 2478 temnentem
1202 2411 1411 2499 supplicavit,
1432 2417 1475 2478 ut

413 2513 527 2599 ipsum
556 2513 694 2579 fratrem
724 2513 916 2601 Philippum
947 2513 1162 2580 demandaret
1195 2515 1349 2580 arrestari
1374 2535 1412 2580 ac
1434 2515 1474 2580 in

417 2616 549 2702 prisona
581 2615 748 2696 custodiri,
770 2635 940 2702 quousque
969 2616 1177 2681 securitatem
1206 2616 1304 2702 pacis,
1326 2620 1367 2681 ut
1392 2615 1474 2701 jura

417 2717 558 2805 exigunt
594 2722 628 2784 et
665 2717 850 2804 requirunt,
882 2715 1074 2798 invenirem
1112 2716 1170 2803 qui
1201 2716 1326 2783 Locum
1353 2722 1474 2784 tenens

417 2817 557 2885 eundem
587 2817 779 2906 Philippum
809 2819 956 2885 Priorem
986 2823 1183 2885 asserentem
1210 2813 1394 2906 predictum
1417 2839 1472 2884 cr·

416 2923 545 3001 restari,
567 2923 740 3010 ipsumque
770 2921 955 2988 carceribus
986 2922 1174 3008 mancipari,
1196 2921 1384 3010 ibidemque
1414 2923 1473 2988 de-

416 3024 523 3090 teneri
540 3022 627 3104 fecit,
642 3044 812 3110 quousque
823 3023 942 3090 dictus
965 3023 1144 3089 Mauricius
1160 3022 1254 3088 Prior
1275 3023 1472 3090 incumbens

417 3131 451 3191 et
482 3126 552 3211 ipsa
585 3124 687 3191 frater
714 3123 887 3213 Philippus
909 3125 1035 3192 fuerint
1064 3125 1256 3203 concordem
1289 3129 1324 3190 et
1354 3147 1471 3211 quam-

416 3225 482 3293 cito
505 3225 612 3292 dictus
634 3227 736 3292 frater
766 3227 954 3308 Mauricius,
978 3227 1072 3293 Prior
1092 3232 1174 3294 tunc
1202 3234 1412 3314 nuncupatus
1435 3234 1472 3294 et
1560 3266 1563 3270 ·

416 3326 553 3394 tantus¹
575 3328 658 3395 dicti
687 3327 800 3395 fratris
835 3329 989 3416 Philippi,
1027 3327 1224 3394 certificavit
1256 3329 1365 3414 ipsum
1400 3329 1471 3395 Do-

416 3430 543 3496 minum
567 3429 690 3497 Locum
711 3435 882 3497 tenentem
904 3429 994 3517 quod
1015 3429 1150 3496 fuerunt
1171 3431 1354 3509 concordes,
1377 3431 1472 3498 misit

415 3553 474 3620 pro
488 3533 560 3619 ipso
574 3531 676 3598 fratre
690 3532 845 3620 Philippo
866 3533 937 3620 ipse
953 3532 1076 3598 Locum
1097 3535 1223 3611 tenens,
1240 3531 1303 3618 [et]
1326 3534 1467 3599 eundem

414 3633 550 3700 fratrem
565 3633 758 3722 Philippum
778 3634 881 3700 libare
902 3633 945 3698 ad
968 3634 1095 3699 dictum
1116 3632 1251 3699 fratrem
1270 3632 1470 3700 Mauricium

416 3757 514 3802 suum
544 3735 691 3802 Priorem
720 3735 855 3814 remisit,
880 3735 1004 3822 absque
1035 3735 1096 3801 hoc
1129 3735 1217 3821 quod
1247 3735 1317 3823 ipse
1343 3735 1469 3802 Locum

414 3843 532 3904 tenens
552 3839 661 3925 ipsum
683 3837 818 3904 fratrem
849 3835 1041 3924 Philippum
1064 3836 1212 3903 Priorem
1237 3843 1468 3924 nuncupatum

414 3940 505 4010 misit
519 3939 560 4004 ad
577 3945 720 4006 castrum
735 3940 777 4005 de
792 3939 911 4025 Odeyr,
926 3959 985 4004 scu
1000 3937 1136 4004 alterius
1151 3937 1323 4003 Hibemici
1338 3937 1469 4005 inimici

414 4040 551 4106 Domini
575 4040 675 4128 Regis
704 4041 944 4127 cujuscumque,
968 4043 1003 4105 et
1037 4038 1162 4126 absque
1192 4037 1254 4104 hoc
1285 4040 1374 4124 quod
1396 4040 1469 4127 ipsc

416 4142 538 4210 Locum
571 4147 687 4209 tenens
724 4143 869 4228 aliquam
905 4141 1166 4228 redempcionem
1201 4161 1259 4206 seu
1289 4139 1468 4208 finandam

267 4302 268 4306 ,
412 4245 455 4311 ab
478 4244 551 4333 ipso
572 4243 673 4311 fratre
696 4243 849 4331 Philippo
871 4243 984 4311 Priore
1003 4247 1194 4330 nuncupato
1215 4241 1346 4330 recepit
1393 4243 1469 4324 Qus

413 4348 525 4414 omnia
549 4352 584 4414 et
603 4346 735 4434 singula
752 4347 840 4413 idem
855 4345 958 4412 frater
973 4345 1144 4432 Philippus
1158 4343 1254 4410 Prior
1274 4343 1469 4412 nominatus

411 4451 560 4517 indicto
581 4449 721 4516 articulo
743 4447 943 4515 accusatorio
964 4468 1073 4514 coram
1096 4447 1184 4514 dicto
1207 4445 1410 4513 Cancellario
1432 4453 1469 4514 et

412 4552 527 4618 ceteris
549 4551 591 4618 de
609 4551 755 4620 Concilio
777 4549 914 4617 Domini
934 4549 1043 4636 Regis,
1059 4553 1157 4636 prout
1174 4569 1275 4636 supra
1295 4548 1467 4632 recitatur,

855 4801 863 4834 ¹
877 4801 1024 4856 sicinus.
