3570 5770
737 871 923 922 Arrnrnnr.
1311 854 1374 924 271

328 1076 396 1133 sua,
422 1055 524 1140 juxta
561 1059 669 1120 ratam
708 1054 872 1120 dictorum
915 1075 974 1120 sex
1012 1053 1190 1120 solidorum
1229 1059 1263 1118 et
1301 1059 1375 1119 ooto
1390 1065 1520 1161 grgsoqqqq.

329 1155 538 1222 denariorum
570 1177 668 1244 super
698 1155 845 1242 singulas
877 1159 1046 1222 carucatas
1080 1160 1166 1220 terre
1204 1155 1375 1220 commita-
1389 1168 1499 1260 qvi-naor

328 1260 402 1322 tum
432 1257 665 1345 predictorum,
688 1262 787 1343 prout
818 1262 897 1322 anto
928 1257 988 1322 hec
1019 1262 1170 1342 tempora
1199 1255 1236 1320 in
1262 1255 1378 1341 hujus·
1390 1217 1545 1372 3533&

329 1357 420 1424 modi
460 1359 721 1426 concessionibus
752 1359 855 1444 juxta
892 1363 1000 1424 ratam
1038 1357 1219 1445 predictam
1258 1358 1378 1424 contri·
1506 1349 1511 1368 '

312 1459 480 1528 'buerunt
556 1462 601 1526 Et
646 1462 781 1547 insuper
824 1465 1053 1526 concesserunt
1098 1461 1141 1524 ad
1185 1460 1377 1526 solvendam

330 1563 541 1630 medietatem
573 1563 656 1630 dicti
680 1561 1083 1648 subsidii2Receptoribus
1113 1561 1191 1628 inde
1221 1583 1280 1648 per
1305 1583 1378 1648 pre-

331 1664 457 1730 dictum
480 1664 643 1732 Comitem
666 1664 874 1752 assignandis
897 1665 932 1728 in
953 1663 1106 1730 manibus
1129 1685 1167 1729 eo
1190 1663 1290 1731 citius
1313 1686 1378 1750 quo

330 1764 447 1831 haberi
471 1772 506 1831 et
528 1766 632 1832 levari
656 1766 789 1852 poterit,
811 1770 846 1832 et
872 1765 970 1832 aliam
995 1766 1207 1832 medietatem
1234 1764 1378 1832 infesto

330 1865 529 1932 Natiuitatis
556 1867 672 1933 Sancti
701 1865 868 1933 Johannis
895 1867 1049 1953 Baptista
1078 1868 1232 1954 proximo
1254 1867 1377 1947 futuro,

331 1969 394 2033 sub
424 1967 486 2034 hac
511 1968 711 2049 condicione,
742 1964 831 2055 quod
863 1969 892 2034 si
923 1990 984 2034 nos
1014 1967 1150 2034 interim
1182 1967 1380 2035 sufficienter

331 2069 592 2136 ordinaverimus
629 2092 689 2158 pro
728 2071 816 2136 bona
850 2070 1099 2157 gubernatione,
1129 2071 1312 2138 salvatione
1345 2077 1381 2138 et

332 2170 519 2238 defensione
535 2178 622 2238 terre
637 2172 783 2258 predicte
805 2177 839 2238 et
860 2173 1052 2238 resistencia
1074 2173 1202 2239 malicie
1224 2173 1379 2259 predicte,

329 2273 380 2338 ita
389 2274 476 2360 quod
492 2273 657 2340 ordinacio
673 2274 734 2339 illa
749 2279 906 2360 prompta
914 2273 1016 2340 fuerit
1031 2278 1066 2340 et
1081 2279 1199 2360 parata
1212 2273 1250 2338 in
1265 2274 1380 2340 eadem

331 2381 420 2440 terra
442 2376 526 2441 citra
555 2375 677 2441 festum
700 2375 903 2441 Natiuitatis
926 2373 1042 2441 Sancti
1064 2375 1227 2441 Johannis
1254 2376 1381 2462 predic·

333 2481 414 2555 tum,
438 2478 526 2563 quod
548 2481 630 2543 tunc
652 2482 757 2543 cesset
778 2477 904 2543 lavacio
928 2481 962 2542 et
984 2476 1107 2543 solucio
1130 2478 1217 2543 dicto
1237 2479 1380 2543 secunde

333 2578 520 2645 medietatis
541 2579 680 2644 subsidii
712 2578 863 2666 predicti,
894 2579 1041 2666 alioquin
1071 2581 1159 2665 quod
1189 2579 1317 2647 levetur
1346 2585 1381 2646 et

333 2681 460 2768 prefato
507 2679 632 2748 Comiti
677 2680 828 2746 solvatur
871 2681 909 2745 in
953 2681 1059 2747 forma
1103 2682 1258 2768 predicta
1335 2681 1382 2747 Et

333 2784 435 2848 eciam
473 2782 573 2848 iidem
611 2781 743 2864 Prelati,
776 2781 961 2870 Magnetes,
994 2781 1118 2861 Clarus,
1157 2783 1308 2851 Proceres
1334 2789 1381 2850 et

335 2883 532 2952 Communes
565 2884 719 2950 similiter
750 2884 787 2949 in
822 2885 911 2951 dicto
944 2889 1092 2952 tractatu
1125 2887 1232 2952 eidem
1258 2885 1382 2953 comiti

334 2991 572 3068 concesserunt,
598 2986 688 3073 quod
710 2986 738 3050 si
761 3007 822 3052 nos
854 3007 922 3052 non
956 2985 1156 3054 sufficienter
1178 2987 1381 3054 ordinaveri-

333 3109 407 3154 mus
430 3109 489 3174 pro
520 3089 613 3166 bona,
639 3088 889 3175 gubernacione.
922 3089 1106 3155 salvacionc
1136 3097 1170 3157 et
1195 3089 1382 3157 defensione

333 3189 490 3276 predictis
523 3188 611 3254 infra
643 3189 819 3255 dimidium
850 3212 973 3255 annum
1006 3191 1079 3277 jam
1109 3199 1309 3278 sequentem,
1348 3197 1383 3258 et

334 3290 422 3356 idem
455 3291 573 3357 Comes
604 3290 693 3376 ipsos
727 3291 835 3357 medio
869 3296 1017 3377 tempore
1048 3293 1131 3358 bene
1169 3298 1203 3359 et
1240 3295 1383 3360 viriliter

330 3391 432 3476 juxta
464 3392 553 3458 vires
586 3392 766 3466 calcaverit
799 3397 834 3458 ct
868 3391 1051 3458 defenderit
1082 3399 1199 3460 contra
1220 3395 1382 3460 maliciam

335 3493 499 3560 dictorum
514 3492 770 3560 Hiberniccrum
793 3498 829 3559 et
851 3492 1033 3574 rebellium,
1055 3515 1094 3559 ac
1115 3494 1304 3581 hujusmodi
1319 3495 1382 3561 Hi-

334 3597 483 3664 bernicos
514 3605 548 3663 et
578 3596 714 3662 rebelles
740 3616 800 3682 pro
832 3617 927 3682 posse
956 3617 1015 3661 suo
1038 3596 1150 3662 debito
1172 3597 1383 3684 castigaverit

335 3705 370 3766 et
407 3697 564 3787 punierit,
596 3699 685 3784 quod
722 3703 803 3763 tunc
837 3697 1108 3784 quandocumque
1145 3705 1259 3785 postea
1294 3700 1382 3764 idem

336 3801 454 3867 Comes
475 3799 620 3866 voluerit
651 3799 740 3886 ipsos
773 3796 901 3864 facere¹
924 3800 1105 3881 convocari,
1127 3800 1190 3888 ipsi
1212 3806 1247 3867 et
1269 3823 1381 3867 eorum

335 3902 475 3988 quilibet
497 3901 533 3964 in
560 3899 723 3965 auxilium
756 3921 974 3986 expensarum
1008 3922 1142 3967 suarum
1165 3902 1206 3969 ds
1236 3908 1383 3990 tempore

334 4004 371 4069 in
407 4008 538 4090 tempus
574 4001 818 4068 rationabiliter
848 3999 1098 4084 contribuerint,
1130 4003 1235 4090 juxta
1270 4025 1382 4071 eorum

335 4105 519 4182 facultates,
543 4103 632 4190 quod
654 4104 696 4169 de
718 4103 848 4169 racione
872 4103 936 4169 erit
958 4108 1161 4171 contentum.
1208 4105 1258 4172 Ac
1279 4105 1383 4172 eciam

335 4207 437 4273 iidem
468 4205 602 4284 Prelati,
624 4205 807 4292 Magnetes,
833 4206 985 4272 Pr0ceres
1019 4211 1053 4272 et
1088 4206 1287 4274 Communes
1316 4207 1384 4274 ista

333 4311 407 4376 viee
447 4308 605 4395 premissa
651 4309 837 4374 concedunt
880 4307 1008 4394 prefato
1055 4308 1179 4375 Comiti
1223 4315 1383 4398 tunquam

335 4437 447 4482 eorum
474 4414 623 4481 Soldario
655 4417 690 4480 et
717 4414 938 4480 Gubernatori
964 4413 1164 4480 Guerrarum
1194 4419 1281 4482 terre
1310 4439 1383 4504 pre-

335 4519 432 4596 dicte,
471 4519 510 4582 ut
547 4515 733 4603 predictum
765 4521 824 4595 est,
856 4520 890 4582 et
928 4537 995 4582 non
1028 4521 1067 4582 ut
1096 4517 1120 4582 J
1123 4518 1290 4585 usticiario
1321 4526 1382 4586 aut

609 4741 617 4774 ¹
629 4740 693 4793 This
705 4741 775 4794 word
786 4739 807 4792 ia
819 4739 953 4793 interlined
962 4741 989 4794 in
1000 4742 1043 4794 the
1053 4744 1111 4796 ΜΒ.
