3570 5770
445 889 511 955 310
884 896 1070 948 nrrnuorx.

444 1087 579 1176 porales,
602 1084 741 1172 predicti
765 1084 864 1151 Cives
887 1088 921 1150 et
937 1083 1132 1171 Burgenses,
1156 1083 1272 1149 dicunt
1287 1079 1504 1170 protestando

445 1190 533 1276 quod
556 1209 622 1254 non
646 1192 697 1253 est
727 1188 872 1274 ipsorum
903 1184 1104 1251 intencionis
1126 1186 1294 1252 consulere
1317 1184 1407 1250 dicto
1440 1183 1507 1248 Do-

446 1293 536 1356 mino
560 1291 683 1355 Locum
698 1289 836 1368 tenenti,
849 1309 956 1373 neque
972 1286 1014 1352 ab
1030 1309 1069 1353 eo
1084 1287 1272 1353 desiderare
1288 1292 1328 1351 ui
1344 1289 1506 1373 expectet,

449 1397 569 1460 contra
591 1391 786 1457 mandatum
810 1389 893 1455 dicti
916 1389 1056 1454 Domini
1080 1389 1190 1476 Regis,
1212 1389 1290 1454 licet
1312 1393 1403 1454 terra
1433 1408 1506 1473 pre·

451 1495 541 1560 dicte
571 1493 607 1558 in
641 1515 702 1558 aua
735 1491 889 1557 absencia
922 1490 959 1554 in
991 1511 1112 1578 magno
1140 1490 1423 1577 staretpericu10,
1454 1493 1506 1554 eet

450 1595 725 1684 supplicaverunt
735 1593 914 1659 Ricardum
927 1591 1100 1678 Wogaune
1110 1591 1352 1658 Cancellarium
1368 1591 1505 1658 Domini

452 1699 554 1786 Regis
576 1703 662 1764 terre
685 1717 743 1762 sue
765 1694 920 1782 predicte,
943 1699 979 1760 et
1009 1693 1160 1760 Fratrem
1188 1695 1365 1780 Hugonem
1388 1693 1506 1758 Midel·

451 1805 554 1867 toune
568 1797 849 1884 Turcupellerium
864 1797 905 1862 de
921 1796 1044 1881 Rodys,
1060 1817 1098 1861 ac
1113 1797 1298 1883 predictum
1323 1796 1504 1861 liebertum

454 1900 620 1968 Manfelde
643 1900 863 1986 Armigerum,
885 1898 974 1984 quod
997 1899 1061 1985 ipsi
1076 1898 1130 1963 vel
1160 1919 1272 1964 eorum
1294 1898 1425 1985 aliquis,
1448 1897 1506 1984 qui

453 2003 496 2069 ad
523 2002 752 2070 eelsitudinem
775 1999 1037 2066 metuendissimi
1061 1999 1197 2065 Domini
1219 2001 1326 2066 nostri
1349 2000 1450 2086 Regis
1473 2003 1507 2064 et

453 2106 524 2191 ejus
554 2105 754 2192 presenciam
780 2103 879 2168 citius
919 2124 1018 2188 quam
1048 2102 1159 2167 dictus
1190 2101 1353 2168 Dominus
1384 2102 1506 2166 Locum

450 2215 568 2275 tenens
580 2227 727 2273 securum
741 2206 844 2292 possit
858 2203 979 2271 habere
995 2205 1190 2292 passagium,
1205 2204 1408 2284 advenerint,
1420 2203 1508 2290 quod

450 2310 501 2374 illi
523 2309 579 2376 vel
608 2308 664 2376 ilie
686 2307 813 2375 vellent
834 2329 893 2372 seu
915 2307 1017 2373 vellet
1040 2307 1204 2373 declarare
1226 2307 1394 2390 majestati
1420 2307 1508 2394 regie

450 2411 598 2500 predicte
627 2411 775 2498 grandes.
800 2408 1087 2475 confederaciones
1117 2409 1372 2475 Hibernicorum
1395 2408 1509 2474 inimi·

452 2536 565 2581 corum
588 2520 623 2580 et
645 2513 863 2600 Anglicorum
885 2511 1059 2577 rebellium
1084 2511 1166 2576 dicti
1190 2511 1327 2576 Domini
1351 2511 1451 2598 Regis
1473 2511 1507 2574 in

452 2622 543 2684 terra
565 2637 626 2681 sua
649 2613 798 2702 predicta
820 2614 856 2678 in
883 2613 1142 2680 destruccionem
1172 2613 1331 2700 ligeorum
1362 2614 1505 2699 ejusdem

453 2718 589 2784 Domini
615 2717 714 2805 Regis
738 2721 828 2783 terre
850 2737 909 2781 sue
931 2715 1089 2802 predicte,
1105 2721 1140 2782 et
1162 2717 1190 2780 si
1213 2715 1358 2804 placeret
1379 2716 1508 2781 eelsitu-

452 2820 525 2886 dini
549 2841 606 2884 sue
629 2817 787 2904 predicte,
811 2817 901 2903 quod
923 2816 1091 2904 predictus
1113 2819 1236 2883 Locum
1259 2823 1377 2884 tenens
1406 2818 1509 2905 possit

454 2926 629 3008 expectere
651 2921 688 2984 in
711 2924 800 2984 terra
823 2919 988 2985 Hibernia
1009 2919 1157 3006 predicte
1184 2941 1286 3007 usque
1315 2920 1359 2985 ad
1387 2919 1508 2986 festum

321 3077 326 3086 .
454 3022 570 3089 Sancti
604 3020 775 3086 Michaelis
809 3043 897 3087 nunc
927 3023 1116 3108 proximum
1147 3021 1309 3102 futurum,
1342 3023 1392 3086 ita
1422 3022 1509 3108 quod

453 3123 595 3212 populus
623 3144 704 3188 suus
734 3122 840 3210 ligeus
870 3124 1017 3210 ejusdem
1042 3129 1128 3190 terre
1151 3125 1275 3211 poterit
1297 3146 1401 3211 grana
1430 3125 1510 3189 enni

450 3227 522 3312 jam
545 3225 703 3290 instantis
726 3225 880 3311 colligere
903 3231 938 3292 et
960 3225 1149 3306 inhorriare,
1172 3227 1290 3312 [quod]
1315 3231 1400 3292 esset
1422 3226 1510 3292 dicto

454 3327 576 3416 populo
599 3348 657 3392 suo
680 3326 768 3414 ligeo
791 3327 938 3412 ejusdem
961 3333 1049 3394 terre
1064 3349 1222 3415 magnum
1237 3327 1462 3394 confortamen
1477 3335 1511 3394 et
1559 3337 1564 3350 ⁴

454 3429 651 3508 relevamen,
675 3450 713 3494 ac
745 3428 936 3495 Hibernicis
965 3430 1109 3496 inimicis
1139 3429 1278 3495 Domini
1308 3429 1407 3516 Regis
1438 3451 1511 3516 pre-

455 3532 555 3598 dictis
578 3552 700 3618 magna
722 3531 880 3598 confusio.
926 3531 972 3596 Et
995 3531 1085 3616 quod
1115 3532 1257 3619 predicti
1281 3531 1512 3611 concellarius,

455 3632 721 3720 Turcupellarius
744 3638 778 3697 et
802 3632 975 3714 Robertua
998 3639 1033 3700 et
1058 3655 1171 3699 eorum
1194 3633 1344 3720 quilibet,
1367 3633 1512 3699 facerent

456 3756 568 3802 eorum
600 3733 750 3800 debitam
781 3734 1003 3822 dilligenciam
1034 3741 1069 3802 et
1091 3735 1219 3802 labores
1241 3757 1340 3823 penes
1363 3741 1511 3802 metuen-

457 3838 630 3903 diesimum
647 3836 828 3901 Dominum
844 3837 968 3924 Regem
991 3837 1177 3924 predictum
1200 3860 1260 3925 pro
1283 3837 1429 3926 ejusdem
1453 3838 1513 3904 Lo-

457 3961 531 4006 cum
555 3939 700 4004 tenentis
722 3939 933 4025 expeditione
956 3944 991 4005 et
1013 3939 1269 4019 eccelleracioue,
1285 3962 1323 4006 ac
1344 3961 1405 4026 pro
1427 3941 1513 4006 solu-

458 4043 552 4108 cione
575 4040 749 4106 radiorum
774 4039 911 4106 Domini
937 4041 1038 4128 Regis
1061 4047 1172 4108 aretro
1198 4043 1263 4109 sibi
1286 4042 1512 4122 existencium,

457 4145 508 4210 ita
530 4143 621 4230 quod
654 4143 754 4208 cicius
786 4143 910 4230 poterit
945 4165 1045 4231 penes
1068 4144 1296 4211 celsitudinem
1325 4144 1449 4232 regiam
1480 4167 1513 4210 se

459 4245 623 4332 expedire,
648 4266 686 4309 ac
708 4245 751 4310 ad
774 4249 885 4331 partes
909 4245 1069 4312 Hibernis
1092 4247 1236 4334 predicte
1253 4269 1328 4313 cum
1351 4247 1413 4312 tali
1434 4247 1513 4312 reti·

458 4349 576 4414 nencia
606 4347 839 4434 solucioueque
868 4349 1044 4415 vadiorum
1074 4350 1180 4416 eidem
1210 4373 1230 4415 e
1257 4349 1401 4415 Domino
1425 4349 1515 4437 Rege

461 4450 525 4515 sibi
556 4450 742 4515 debitorum
774 4456 809 4515 et
837 4457 947 4516 aretro
978 4452 1203 4530 existencium,
1226 4457 1262 4518 et
1291 4473 1348 4538 spe
1370 4452 1516 4538 graciose

465 4551 640 4616 solucionis
670 4551 858 4618 futurorum
890 4555 1050 4632 revenire,
1081 4559 1116 4619 et
1147 4553 1235 4641 quod
1274 4553 1397 4640 poterit
1427 4553 1515 4618 dicto

465 4653 610 4719 Domino
632 4653 722 4741 Rege
754 4655 889 4720 tendere
919 4655 963 4720 ad
992 4655 1160 4735 honorem,
1184 4677 1223 4722 ac
1252 4661 1341 4722 terre
1362 4677 1421 4720 sue
1442 4677 1515 4742 pre-

465 4755 554 4820 dicte
581 4757 788 4842 pauperrime
811 4763 845 4823 et
867 4757 982 4844 populi
1008 4757 1086 4846 ligei
1112 4758 1257 4844 ejusdem
1280 4757 1510 4826 desencionem
