3570 5770
449 882 514 944 312
877 890 1062 941 srrmnrx.

448 1081 549 1169 Regis
579 1081 623 1146 ed
654 1081 758 1168 Leges
790 1082 827 1144 in
857 1079 974 1147 eedem
1007 1085 1107 1162 terro,
1129 1079 1336 1148 Consilicriis
1368 1083 1506 1152 Domini

448 1184 554 1250 nostri
570 1183 670 1270 Regis
693 1183 730 1248 in
751 1187 843 1249 terre
864 1204 925 1249 sue
945 1181 1098 1270 predicte
1119 1183 1244 1250 ibidem
1268 1189 1350 1251 tnnc
1372 1207 1506 1273 presen-

447 1287 547 1366 tibus,
586 1285 749 1352 Dominus
780 1286 903 1352 Locum
932 1291 1049 1352 tenens
1079 1288 1212 1373 rogavit
1243 1287 1409 1373 quendem
1441 1289 1507 1354 frn-

446 1394 531 1456 trem
553 1389 713 1456 Thomom
737 1388 865 1468 Tclbot,
889 1409 993 1454 unum
1015 1387 1156 1455 fratrum
1180 1389 1367 1476 Hospitalis
1391 1390 1505 1458 Sencti

447 1491 610 1559 Johonnis
642 1491 827 1558 Jerusalem
859 1490 896 1555 in
931 1490 1097 1557 Hibernia
1130 1495 1211 1557 tuno
1244 1497 1440 1578 presentem,
1469 1499 1506 1560 et

447 1594 589 1661 eundem
611 1593 798 1680 requirebat
820 1614 864 1660 ex
886 1596 981 1680 porte
1005 1592 1143 1658 Domini
1166 1593 1267 1682 Regis
1297 1595 1446 1682 predicti,
1470 1602 1506 1662 et

447 1697 571 1764 ibidem
595 1718 704 1763 corum
727 1695 872 1763 Consilio
895 1695 986 1782 regio
1008 1695 1166 1781 predicto,
1182 1700 1218 1761 et
1232 1717 1342 1762 ocrem
1358 1697 1505 1764 Roberto

448 1800 604 1878 Menfeld,
643 1799 825 1885 cornigero,
860 1797 1032 1864 Hostisrio
1072 1796 1208 1864 Comere
1242 1801 1506 1867 metuendissimi

447 1903 584 1971 Domini
606 1902 713 1969 nostri
736 1901 837 1988 Regis
851 1900 974 1987 Anglie
989 1900 1032 1965 ud
1049 1899 1177 1966 dictum
1195 1901 1320 1968 Locum
1335 1909 1505 1970 uenenum

443 2013 479 2074 et
501 2005 696 2086 Consilium,
719 2009 759 2072 ut
780 2003 931 2082 asseruit,
956 2023 1031 2069 oum
1053 2003 1221 2070 credencie
1244 2003 1351 2071 literis
1375 2011 1411 2072 et
1430 2005 1505 2073 bre·

442 2109 541 2177 vibus
563 2131 583 2174 c
605 2107 695 2174 dicto
711 2106 857 2173 Domino
873 2105 964 2193 Rege
986 2104 1103 2184 missis,
1120 2109 1202 2173 tunc
1224 2105 1328 2173 eciem
1343 2114 1503 2196 presente,

443 2218 483 2279 ut
505 2213 574 2300 ipse
589 2210 755 2278 Robertus
777 2209 909 2276 fidelem
931 2208 1127 2274 relacionem
1143 2207 1233 2276 dicto
1249 2209 1395 2278 Domino
1421 2211 1504 2300 Regi

444 2315 523 2381 inde
537 2314 642 2382 fecere
656 2313 781 2400 poterit
792 2311 858 2397 [et]
871 2309 1026 2377 veritatis
1040 2309 1270 2377 testimonium
1291 2313 1503 2399 perhibendo,

445 2417 591 2498 referret,
622 2415 703 2504 quid
734 2413 863 2480 sinistri
893 2413 1026 2479 eudivit
1064 2413 1225 2501 Egidinm
1263 2415 1504 2484 Thornedoune

447 2541 553 2609 nuper
574 2517 829 2586 Theseurnrium
851 2514 990 2582 Domini
1013 2517 1120 2582 nostri
1143 2515 1243 2604 Regis
1266 2518 1303 2583 in
1325 2523 1415 2585 terre
1444 2541 1505 2593 sue

446 2623 595 2714 predicte
626 2622 668 2689 de
700 2621 772 2708 ipso
793 2618 920 2685 Jacobo
953 2619 984 2684 le
1017 2617 1182 2700 Botillere,
1207 2619 1338 2686 Gemite
1369 2621 1411 2687 de
1442 2621 1505 2688 Or-

446 2727 576 2803 monde,
599 2726 672 2812 ipso
695 2729 778 2790 tunc
800 2721 1085 2812 Μὴ
1118 2720 1200 2788 dicti
1232 2721 1370 2788 Domini
1403 2723 1504 2812 Regis

446 2835 534 2896 terre
556 2849 613 2894 sue
637 2825 791 2914 predicte,
816 2828 1054 2912 temporeque
1077 2822 1338 2891 Porlicmentum
1367 2825 1504 2893 Domini

446 2931 547 3020 Regis
561 2951 671 2997 coram
687 2928 777 2994 dicto
793 2926 917 2992 Locum
932 2930 1067 2992 tenente
1082 2927 1171 3013 apud
1186 2927 1381 2994 Dublinism
1396 2930 1505 2997 fueret

446 3039 587 3114 tentum,
611 3031 760 3096 indebite
779 3027 1035 3116 calumpniando
1058 3027 1166 3095 dicere
1184 3051 1242 3095 seu
1263 3031 1392 3098 referre.
1438 3033 1506 3115 Qui

446 3136 565 3202 Frater
586 3133 729 3199 Thomas
750 3129 883 3220 rognvit
904 3129 1075 3197 humiliter
1095 3130 1222 3198 dictum
1245 3130 1427 3200 Dominum
1443 3135 1505 3202 Lc-

305 3267 306 3270 =
447 3260 522 3306 cum
545 3239 727 3316 tenentem,
749 3233 861 3321 ipsum
892 3234 928 3299 in
958 3232 1125 3321 premissis
1154 3232 1275 3301 hebere
1301 3241 1503 3305 excusatum

448 3341 516 3422 Qui
539 3339 703 3406 Dominus
725 3337 850 3403 Locum
864 3340 982 3402 tenens
1005 3385 1167 3404 ......
1189 3337 1330 3403 eundem
1353 3339 1502 3408 Fratrem

447 3443 607 3510 Thomem
630 3461 673 3506 ex
695 3443 789 3527 perte
804 3438 942 3504 Domini
964 3439 1070 3505 nostri
1093 3438 1193 3526 Regis
1208 3439 1346 3526 predicti
1357 3443 1505 3530 require-

448 3546 516 3624 bet,
532 3563 575 3623 eo,
591 3565 634 3610 ex
649 3563 686 3608 eo
703 3541 792 3629 quod
814 3539 885 3628 ipse
908 3539 1027 3606 Frater
1042 3539 1184 3608 Thomas
1206 3545 1505 3636 consanguinitatis
1544 3569 1546 3574 ·

448 3648 582 3714 vinculo
604 3645 694 3711 dicto
724 3642 868 3709 Domino
898 3641 1023 3726 Locum
1046 3644 1177 3709 tenenti
1199 3643 1396 3733 attingebat,
1417 3649 1504 3715 veri·

449 3749 515 3816 toti
537 3749 574 3814 in
596 3748 657 3814 hec
678 3750 773 3834 porte
795 3743 1024 3810 testimonium
1047 3746 1241 3833 perhiberet.
1289 3747 1355 3828 Qui
1386 3749 1505 3818 Frater

449 3851 592 3919 Thomas
614 3849 747 3915 dicebat
769 3847 858 3936 quod
881 3848 950 3934 ipse
965 3847 1097 3913 audivit
1112 3847 1268 3936 Egidium
1283 3849 1504 3920 Thorndoune

449 3957 487 4020 in
509 3951 640 4019 Pelscic
662 3949 940 4039 Archiepiscopali
963 3949 1077 4016 Sancti
1100 3950 1270 4038 Sepulchri
1287 3953 1389 4039 juxte
1411 3955 1505 4023 Dub-

449 4057 566 4123 liniam
589 4053 774 4121 desiderare
796 4075 816 4118 a
838 4053 927 4118 dicto
958 4051 1101 4118 Ricardo
1125 4054 1379 4144 Archiepiscopo
1409 4057 1504 4126 Dub-

449 4160 538 4237 linie,
553 4162 594 4224 ut
608 4157 678 4245 ipse
693 4154 893 4222 Communes
904 4160 1098 4221 convocaret
1120 4161 1156 4221 et
1170 4157 1368 4225 cediticnem
1382 4159 1504 4230 feceret

449 4259 712 4330 contradictum
735 4258 857 4324 Locum
878 4261 1057 4339 tenentem,
1081 4262 1115 4323 ct
1149 4259 1237 4345 quod
1268 4260 1339 4347 ipse
1364 4261 1504 4349 Egidius

451 4370 536 4432 esset
559 4361 684 4451 primus
707 4361 765 4448 qui
800 4360 908 4447 onpud
929 4359 999 4445 ejus
1030 4359 1130 4427 vellet
1152 4367 1332 4448 amputare,
1355 4368 1390 4430 et
1419 4365 1504 4434 illud

452 4467 595 4535 Domino
608 4464 691 4552 Regi
713 4463 751 4528 in
766 4461 939 4528 menuthin
955 4461 1106 4544 differre;
1128 4462 1206 4550 quie
1228 4463 1335 4543 scivit,
1350 4471 1391 4533 ut
1404 4469 1501 4552 dixit,
1524 4445 1529 4460 ⁴

451 4571 539 4658 quod
561 4567 687 4658 greoics
722 4585 781 4653 pro
815 4565 872 4631 illo
904 4565 992 4631 fecto
1015 4587 1035 4631 o
1057 4565 1146 4654 Rege
1168 4571 1364 4654 reportaret,
1387 4575 1422 4637 et
1451 4595 1502 4640 re·
1532 4570 1543 4631 l

451 4673 590 4762 gendum
612 4671 656 4736 cd
678 4669 822 4734 valorem
848 4668 938 4734 mille
960 4668 1119 4736 libranum
1141 4667 1288 4737 heberet.
1334 4671 1380 4738 Et
1410 4675 1501 4744 ultra

451 4775 539 4840 dixit
562 4772 700 4858 quodsi
731 4770 839 4837 dictus
862 4769 1000 4859 Egidius
1023 4776 1108 4838 esset
1130 4793 1271 4858 presens,
1295 4779 1330 4841 et
1352 4777 1502 4862 predicte
