3570 5770
746 923 933 976 Arrnsmx.
1052 925 1054 930 ·
1305 913 1368 978 299

318 1112 445 1179 dictum
461 1111 644 1179 Dominum
659 1111 781 1178 Locum
796 1115 976 1202 tenentem,
992 1108 1216 1177 desiderantes
1237 1109 1372 1177 nomine

318 1215 400 1281 dicti
410 1215 653 1302 Archiepisoopi
668 1213 906 1290 Dubliniensis,
921 1216 1021 1299 prout
1036 1213 1137 1278 ceteri
1151 1213 1301 1300 superius
1316 1233 1374 1278 ex-

316 1317 456 1405 presssti
469 1317 604 1384 nomine
615 1316 761 1402 ejusdem
770 1314 1050 1392 desideraverunt,
1058 1315 1205 1400 sigillum
1216 1336 1373 1403 magnum

317 1420 446 1506 regium
460 1419 657 1508 predictum,
673 1423 714 1483 ut
729 1417 866 1484 Domini
878 1417 978 1504 Regis
994 1417 1198 1484 Cancellerio
1213 1422 1300 1484 torre
1314 1437 1373 1483 sue

317 1521 472 1608 predicte,
484 1521 548 1586 sibi
563 1521 759 1602 deliberari;
784 1519 904 1606 quibus
921 1520 992 1607 ipse
1008 1519 1172 1586 Dominus
1183 1520 1306 1585 Locum
1321 1525 1372 1586 te-

317 1645 408 1701 nsus,
424 1629 464 1688 nt
486 1624 635 1700 asseruit,
650 1621 871 1710 respondebat
885 1622 1049 1708 quomodo
1064 1623 1136 1708 ipse
1160 1626 1194 1688 et
1210 1621 1313 1688 ceteri
1331 1622 1373 1687 de

319 1723 466 1791 Consilio
481 1725 618 1790 Domini
634 1725 784 1811 superius
799 1725 980 1814 expressati
996 1724 1124 1790 dictum
1146 1723 1373 1810 Archiepisco-

319 1847 397 1913 pum
410 1825 661 1892 Dubliniensem
679 1848 738 1914 per
753 1829 862 1890 totum
878 1826 965 1890 diem
988 1825 1129 1908 Sabbati
1143 1825 1373 1913 precedentem

284 1939 286 1944 '
319 1929 355 1994 in
377 1929 459 1994 villa
481 1929 630 2016 predicta
652 1929 695 1993 ad
718 1928 910 2003 videndum,
933 1927 962 1992 si
977 1927 1104 2014 aliquid
1119 1947 1228 1994 coram
1251 1927 1323 2014 ipso
1339 1934 1373 1994 et

320 2029 465 2098 Consilio
487 2029 644 2117 predicto,
665 2029 715 2094 ite
737 2029 872 2095 nomine
894 2029 999 2115 ipsius
1021 2029 1254 2107 desideratum,
1269 2029 1373 2095 vellet

319 2133 498 2214 ostendere,
522 2123 804 2219 expectaverunt,l
829 2135 865 2196 et
887 2131 1052 2216 quomodo
1085 2153 1146 2197 nec
1179 2133 1372 2219 comparuit,

319 2255 520 2322 quamquem
552 2235 588 2298 in
620 2234 710 2299 dicta
731 2232 814 2298 villa
845 2237 927 2298 tunc
960 2232 1135 2310 residebat,
1157 2254 1217 2299 neo
1246 2233 1375 2320 aliquid

318 2359 378 2424 per
410 2358 443 2402 se
466 2336 521 2401 vel
553 2359 612 2424 per
643 2337 746 2400 elium
769 2335 806 2400 in
838 2335 1005 2420 premissis
1027 2335 1094 2400 fuit
1118 2339 1308 2415 ostensum
1340 2338 1375 2401 et

318 2439 408 2504 ultre
430 2438 548 2504 iisdem
571 2438 670 2518 dixit,
685 2437 773 2524 quod
796 2436 867 2502 dies
889 2436 948 2501 ille
970 2436 1040 2502 dies
1063 2440 1178 2502 sancta
1200 2437 1375 2503 Dominica
1449 2487 1453 2494 .

319 2538 410 2618 eret,l
435 2561 503 2627 qua
517 2561 559 2606 ex
574 2540 689 2605 divino
713 2539 873 2605 mandato
896 2539 1069 2625 oportebat
1091 2537 1236 2605 serviciis
1252 2538 1375 2604 divinis

320 2647 354 2707 et
387 2663 455 2706 non
476 2641 664 2707 forensibus
686 2641 830 2727 negociis
852 2661 980 2719 vacare,
1004 2645 1040 2706 et
1063 2639 1229 2725 quomodo
1260 2638 1376 2705 (tonsi-

319 2743 400 2809 lium
424 2743 567 2830 Regium
589 2743 775 2829 predictum
801 2743 920 2820 fueret,
943 2763 1003 2806 sua
1032 2741 1169 2808 licencia
1200 2740 1242 2806 ob
1272 2740 1375 2807 diuti-

319 2865 397 2910 nam
428 2867 556 2911 moram
589 2845 714 2910 ibidem
741 2843 873 2923 factem,
896 2843 1088 2930 dispersum.
1140 2842 1302 2909 Attamen
1332 2864 1375 2909 ex

319 2946 534 3034 superhabito
567 2947 647 3012 dato
679 2947 770 3011 idem
802 2945 967 3012 Dominus
990 2944 1116 3011 Locum
1139 2952 1257 3012 tenens
1287 2947 1375 3013 dixit

320 3050 409 3136 quod
447 3047 550 3114 vellet
585 3071 645 3135 per
683 3049 807 3114 dictam
843 3047 958 3113 villam
1004 3048 1139 3114 mittere
1178 3053 1213 3114 et
1249 3047 1376 3135 inquiri

318 3152 436 3229 facere,
473 3150 502 3215 si
539 3151 597 3237 qui
635 3150 677 3215 de
721 3150 812 3216 dicto
858 3145 1006 3216 Consilio
1046 3150 1196 3236 poterint
1230 3150 1375 3216 inveniri

318 3253 355 3318 in
377 3253 468 3318 dicte
490 3251 580 3331 ville,
596 3255 631 3316 ct
653 3251 682 3316 si
704 3251 850 3316 inveniri
872 3251 1053 3340 poterint[
1075 3303 1082 3316 .
1105 3301 1113 3318 .
1138 3302 1145 3318 .
1168 3252 1376 3339 Jexpectere

319 3375 424 3440 usque
461 3353 497 3418 in
530 3353 618 3418 diem
655 3352 748 3418 Lune
780 3357 863 3416 tunc
895 3352 1084 3440 proximum
1116 3356 1308 3439 sequentem
1339 3355 1376 3418 in

319 3456 432 3522 eedem
449 3455 540 3536 villa,
557 3454 635 3520 etsi
657 3454 766 3520 dictus
781 3453 1057 3540 Archiepiscopue
1073 3452 1302 3520 Dubliniensis
1316 3477 1376 3541 per

319 3579 353 3623 se
368 3556 423 3623 vel
445 3579 504 3644 per
526 3557 629 3622 elium
651 3555 756 3622 vellet
777 3555 905 3642 aliquid
926 3556 964 3619 in
978 3555 1091 3620 verbis
1113 3555 1168 3620 vel
1188 3555 1225 3620 in
1245 3555 1376 3642 scriptis

319 3679 429 3724 coram
451 3659 522 3745 ipso
545 3663 580 3724 et
604 3656 751 3723 Consilio
773 3657 922 3744 predicto
945 3657 1031 3722 circa
1064 3655 1207 3723 officium
1239 3658 1374 3725 Cancel-

318 3759 458 3826 larietus
491 3759 678 3847 predictum
709 3758 764 3825 vel
796 3757 897 3845 sigilli
928 3758 1067 3844 predicti
1104 3759 1375 3826 deliberacionem

321 3861 519 3942 ostendere,52
542 3861 632 3948 quod
665 3860 800 3926 deberet
831 3861 950 3941 audiri,
973 3867 1007 3926 et
1038 3861 1075 3926 in
1107 3860 1198 3927 dioto
1228 3861 1375 3928 Consilio

320 3985 503 4051 congruum
525 3961 664 4046 haberet
686 3984 887 4050 responsum.
933 3961 1008 4043 Quo
1038 3962 1093 4028 die
1123 3963 1216 4029 Lune
1238 3964 1374 4032 adveni·

321 4071 407 4145 ente,
430 4065 589 4131 videlicet
611 4064 697 4130 xxix
721 4064 775 4130 die
798 4065 943 4152 ejusdem
969 4066 1101 4147 mensis,
1124 4065 1213 4132 dicto
1230 4066 1374 4134 Domino

321 4167 446 4233 Locum
468 4172 605 4234 tenente
628 4187 704 4232 curn
736 4167 825 4234 dieto
857 4167 1111 4256 Archiepisoopo
1140 4169 1374 4238 Ardmecheno

322 4291 360 4336 so
382 4269 502 4337 ceteris
524 4269 679 4334 omnibus
709 4269 750 4335 de
782 4268 931 4337 Concilio
953 4269 1091 4336 Domini
1114 4271 1213 4359 Regis
1235 4272 1375 4359 predicti

322 4372 474 4458 superius
496 4371 704 4458 expressatis,
725 4371 763 4436 in
785 4373 942 4439 vestiario
959 4373 1062 4458 juxte
1085 4373 1243 4462 capellam
1259 4373 1376 4441 Sancti

322 4473 346 4539 J
348 4473 487 4540 ohannis
502 4470 705 4559 predictem³
719 4472 875 4552 sedente,⁴
891 4474 1073 4540 declaravit
1081 4474 1122 4541 de
1137 4476 1277 4563 singulis
1288 4498 1374 4542 nnn·

357 4711 364 4745 ¹
377 4711 680 4764 Thiswordisinterlined
687 4713 714 4763 in
722 4713 828 4765 thetis.
908 4712 1374 4772 ³'l'bisuordieinterlinedintlreMS¹

356 4789 515 4845 ²'I'lrisuord
524 4789 685 4844 isinterlined
693 4791 828 4846 innotis.
909 4791 919 4824 ⁴
931 4795 947 4822 “
955 4791 1039 4843 redens
1046 4793 1062 4820 '’
1075 4793 1101 4872 in
1112 4793 1167 4848 Mu
