<?xml version="1.0" encoding="UTF-8"?>
<!DOCTYPE html PUBLIC "-//W3C//DTD XHTML 1.0 Transitional//EN"
    "http://www.w3.org/TR/xhtml1/DTD/xhtml1-transitional.dtd">
<html xmlns="http://www.w3.org/1999/xhtml" xml:lang="en" lang="en">
 <head>
  <title>
</title>
<meta http-equiv="Content-Type" content="text/html;charset=utf-8" />
  <meta name='ocr-system' content='tesseract 3.04.00' />
  <meta name='ocr-capabilities' content='ocr_page ocr_carea ocr_par ocr_line ocrx_word'/>
</head>
<body>
  <div class='ocr_page' id='page_1' title='image "./arollproceeding00coungoog_0424.png"; bbox 0 0 3570 5770; ppageno 0'>
   <div class='ocr_carea' id='block_1_1' title="bbox 755 788 1373 856">
    <p class='ocr_par' dir='ltr' id='par_1_1' title="bbox 755 788 1373 856">
     <span class='ocr_line' id='line_1_1' title="bbox 755 788 1373 856; baseline 0 -3"><span class='ocrx_word' id='word_1_1' title='bbox 755 803 941 856; x_wconf 78' lang='lat' dir='ltr'>srrrunrx.</span> <span class='ocrx_word' id='word_1_2' title='bbox 1309 788 1373 854; x_wconf 79' lang='lat'>311</span> 
     </span>
    </p>
   </div>
   <div class='ocr_carea' id='block_1_2' title="bbox 311 988 1521 2917">
    <p class='ocr_par' dir='ltr' id='par_1_2' title="bbox 311 988 1521 2917">
     <span class='ocr_line' id='line_1_2' title="bbox 321 988 1375 1080; baseline 0.001 -24"><span class='ocrx_word' id='word_1_3' title='bbox 321 988 450 1072; x_wconf 82' lang='lat' dir='ltr'><strong>Quibus</strong></span> <span class='ocrx_word' id='word_1_4' title='bbox 483 995 530 1062; x_wconf 91' lang='lat' dir='ltr'>sic</span> <span class='ocrx_word' id='word_1_5' title='bbox 564 993 746 1074; x_wconf 84' lang='lat' dir='ltr'>declaratis,</span> <span class='ocrx_word' id='word_1_6' title='bbox 770 993 860 1060; x_wconf 89' lang='lat' dir='ltr'>idem</span> <span class='ocrx_word' id='word_1_7' title='bbox 890 993 1035 1060; x_wconf 85' lang='lat' dir='ltr'>Jacobus</span> <span class='ocrx_word' id='word_1_8' title='bbox 1066 992 1209 1080; x_wconf 80' lang='lat' dir='ltr'>Aileyne</span> <span class='ocrx_word' id='word_1_9' title='bbox 1241 995 1375 1060; x_wconf 86' lang='lat' dir='ltr'>nomine</span> 
     </span>
     <span class='ocr_line' id='line_1_3' title="bbox 321 1091 1375 1182; baseline 0.002 -25"><span class='ocrx_word' id='word_1_10' title='bbox 321 1091 547 1178; x_wconf 89' lang='lat' dir='ltr'>Dominorum,</span> <span class='ocrx_word' id='word_1_11' title='bbox 565 1096 740 1163; x_wconf 78' lang='lat' dir='ltr'>Procerum</span> <span class='ocrx_word' id='word_1_12' title='bbox 763 1117 801 1162; x_wconf 89' lang='lat' dir='ltr'>ac</span> <span class='ocrx_word' id='word_1_13' title='bbox 816 1095 956 1162; x_wconf 83' lang='lat' dir='ltr'>oliorum</span> <span class='ocrx_word' id='word_1_14' title='bbox 978 1096 1285 1182; x_wconf 73' lang='lat' dir='ltr'>prenominatorum</span> <span class='ocrx_word' id='word_1_15' title='bbox 1299 1117 1375 1182; x_wconf 89' lang='lat' dir='ltr'>sup-</span> 
     </span>
     <span class='ocr_line' id='line_1_4' title="bbox 319 1193 1376 1285; baseline 0.005 -26"><span class='ocrx_word' id='word_1_16' title='bbox 319 1193 458 1280; x_wconf 84' lang='lat' dir='ltr'>plicavit</span> <span class='ocrx_word' id='word_1_17' title='bbox 472 1198 599 1264; x_wconf 86' lang='lat' dir='ltr'>dictum</span> <span class='ocrx_word' id='word_1_18' title='bbox 616 1198 798 1264; x_wconf 91' lang='lat' dir='ltr'>Dominum</span> <span class='ocrx_word' id='word_1_19' title='bbox 815 1197 938 1264; x_wconf 85' lang='lat' dir='ltr'>Locum</span> <span class='ocrx_word' id='word_1_20' title='bbox 949 1203 1118 1264; x_wconf 88' lang='lat' dir='ltr'>tenentem</span> <span class='ocrx_word' id='word_1_21' title='bbox 1130 1198 1287 1265; x_wconf 87' lang='lat' dir='ltr'>mandare</span> <span class='ocrx_word' id='word_1_22' title='bbox 1302 1219 1376 1285; x_wconf 89' lang='lat' dir='ltr'>pre-</span> 
     </span>
     <span class='ocr_line' id='line_1_5' title="bbox 319 1297 1374 1368; baseline 0.003 -5"><span class='ocrx_word' id='word_1_23' title='bbox 319 1297 417 1364; x_wconf 82' lang='lat' dir='ltr'>missa</span> <span class='ocrx_word' id='word_1_24' title='bbox 438 1300 615 1368; x_wconf 80' lang='lat' dir='ltr'>inactitari,</span> <span class='ocrx_word' id='word_1_25' title='bbox 662 1299 763 1366; x_wconf 90' lang='lat' dir='ltr'>Unde</span> <span class='ocrx_word' id='word_1_26' title='bbox 778 1299 867 1365; x_wconf 92' lang='lat' dir='ltr'>idem</span> <span class='ocrx_word' id='word_1_27' title='bbox 881 1300 1045 1367; x_wconf 88' lang='lat' dir='ltr'>Dominus</span> <span class='ocrx_word' id='word_1_28' title='bbox 1061 1300 1182 1366; x_wconf 88' lang='lat' dir='ltr'>Locum</span> <span class='ocrx_word' id='word_1_29' title='bbox 1199 1305 1315 1367; x_wconf 88' lang='lat' dir='ltr'>tenens</span> <span class='ocrx_word' id='word_1_30' title='bbox 1330 1301 1374 1366; x_wconf 91' lang='lat' dir='ltr'>ad</span> 
     </span>
     <span class='ocr_line' id='line_1_6' title="bbox 317 1402 1374 1490; baseline 0.005 -27"><span class='ocrx_word' id='word_1_31' title='bbox 317 1419 410 1466; x_wconf 88' lang='lat' dir='ltr'>suam</span> <span class='ocrx_word' id='word_1_32' title='bbox 433 1402 681 1488; x_wconf 81' lang='lat' dir='ltr'>requisitionem</span> <span class='ocrx_word' id='word_1_33' title='bbox 704 1402 878 1469; x_wconf 86' lang='lat' dir='ltr'>mandavit</span> <span class='ocrx_word' id='word_1_34' title='bbox 901 1402 1013 1468; x_wconf 86' lang='lat' dir='ltr'>omnia</span> <span class='ocrx_word' id='word_1_35' title='bbox 1032 1403 1191 1490; x_wconf 80' lang='lat' dir='ltr'>premissa</span> <span class='ocrx_word' id='word_1_36' title='bbox 1205 1402 1374 1468; x_wconf 85' lang='lat' dir='ltr'>inactitori</span> 
     </span>
     <span class='ocr_line' id='line_1_7' title="bbox 317 1501 1372 1571; baseline 0.004 -6"><span class='ocrx_word' id='word_1_37' title='bbox 317 1505 352 1566; x_wconf 89' lang='lat' dir='ltr'>et</span> <span class='ocrx_word' id='word_1_38' title='bbox 383 1501 421 1567; x_wconf 92' lang='lat' dir='ltr'>in</span> <span class='ocrx_word' id='word_1_39' title='bbox 443 1503 576 1570; x_wconf 87' lang='lat' dir='ltr'>Rutulis</span> <span class='ocrx_word' id='word_1_40' title='bbox 608 1503 810 1571; x_wconf 84' lang='lat' dir='ltr'>Oanoellarie</span> <span class='ocrx_word' id='word_1_41' title='bbox 845 1504 885 1570; x_wconf 89' lang='lat' dir='ltr'>de</span> <span class='ocrx_word' id='word_1_42' title='bbox 916 1504 1051 1570; x_wconf 88' lang='lat' dir='ltr'>recordo</span> <span class='ocrx_word' id='word_1_43' title='bbox 1078 1525 1255 1570; x_wconf 84' lang='lat' dir='ltr'>remanere.</span> <span class='ocrx_word' id='word_1_44' title='bbox 1300 1502 1372 1569; x_wconf 90' lang='lat' dir='ltr'>Nos</span> 
     </span>
     <span class='ocr_line' id='line_1_8' title="bbox 315 1605 1372 1693; baseline 0.003 -26"><span class='ocrx_word' id='word_1_45' title='bbox 315 1607 427 1670; x_wconf 85' lang='lat' dir='ltr'>autem</span> <span class='ocrx_word' id='word_1_46' title='bbox 460 1607 710 1673; x_wconf 87' lang='lat' dir='ltr'>memorandum</span> <span class='ocrx_word' id='word_1_47' title='bbox 744 1605 940 1693; x_wconf 85' lang='lat' dir='ltr'>predictum,</span> <span class='ocrx_word' id='word_1_48' title='bbox 963 1607 1061 1673; x_wconf 88' lang='lat' dir='ltr'>certis</span> <span class='ocrx_word' id='word_1_49' title='bbox 1096 1607 1138 1672; x_wconf 90' lang='lat' dir='ltr'>de</span> <span class='ocrx_word' id='word_1_50' title='bbox 1171 1606 1278 1672; x_wconf 81' lang='lat' dir='ltr'>causis</span> <span class='ocrx_word' id='word_1_51' title='bbox 1311 1626 1372 1671; x_wconf 91' lang='lat' dir='ltr'>nos</span> 
     </span>
     <span class='ocr_line' id='line_1_9' title="bbox 317 1707 1371 1794; baseline 0.003 -25"><span class='ocrx_word' id='word_1_52' title='bbox 317 1707 529 1774; x_wconf 87' lang='lat' dir='ltr'>moventibus</span> <span class='ocrx_word' id='word_1_53' title='bbox 557 1731 596 1776; x_wconf 88' lang='lat' dir='ltr'>ac</span> <span class='ocrx_word' id='word_1_54' title='bbox 625 1709 749 1776; x_wconf 86' lang='lat' dir='ltr'>bonum</span> <span class='ocrx_word' id='word_1_55' title='bbox 780 1714 815 1775; x_wconf 89' lang='lat' dir='ltr'>et</span> <span class='ocrx_word' id='word_1_56' title='bbox 837 1709 1022 1775; x_wconf 72' lang='lat' dir='ltr'>utilitatem</span> <span class='ocrx_word' id='word_1_57' title='bbox 1047 1713 1130 1774; x_wconf 88' lang='lat' dir='ltr'>terre</span> <span class='ocrx_word' id='word_1_58' title='bbox 1153 1723 1266 1775; x_wconf 82' lang='lat' dir='ltr'>nostre</span> <span class='ocrx_word' id='word_1_59' title='bbox 1296 1729 1371 1794; x_wconf 85' lang='lat' dir='ltr'>pre-</span> 
     </span>
     <span class='ocr_line' id='line_1_10' title="bbox 316 1806 1372 1898; baseline 0.002 -26"><span class='ocrx_word' id='word_1_60' title='bbox 316 1806 404 1874; x_wconf 90' lang='lat' dir='ltr'>dicte</span> <span class='ocrx_word' id='word_1_61' title='bbox 434 1811 713 1890; x_wconf 80' lang='lat' dir='ltr'>concernentibus,</span> <span class='ocrx_word' id='word_1_62' title='bbox 746 1815 859 1877; x_wconf 88' lang='lat' dir='ltr'>tenore</span> <span class='ocrx_word' id='word_1_63' title='bbox 890 1810 1096 1898; x_wconf 86' lang='lat' dir='ltr'>presencium</span> <span class='ocrx_word' id='word_1_64' title='bbox 1126 1811 1284 1876; x_wconf 87' lang='lat' dir='ltr'>duximus</span> <span class='ocrx_word' id='word_1_65' title='bbox 1314 1830 1372 1876; x_wconf 89' lang='lat' dir='ltr'>ex-</span> 
     </span>
     <span class='ocr_line' id='line_1_11' title="bbox 315 1910 1371 2001; baseline 0.005 -27"><span class='ocrx_word' id='word_1_66' title='bbox 315 1910 589 1997; x_wconf 86' lang='lat' dir='ltr'>emplificandum.</span> <span class='ocrx_word' id='word_1_67' title='bbox 636 1913 676 1978; x_wconf 95' lang='lat' dir='ltr'>In</span> <span class='ocrx_word' id='word_1_68' title='bbox 701 1913 793 1999; x_wconf 87' lang='lat' dir='ltr'>cujus</span> <span class='ocrx_word' id='word_1_69' title='bbox 819 1914 876 1980; x_wconf 76' lang='lat' dir='ltr'>duc.</span> <span class='ocrx_word' id='word_1_70' title='bbox 923 1913 1019 1980; x_wconf 87' lang='lat' dir='ltr'>Teste</span> <span class='ocrx_word' id='word_1_71' title='bbox 1034 1912 1164 2001; x_wconf 82' lang='lat' dir='ltr'>prefato</span> <span class='ocrx_word' id='word_1_72' title='bbox 1181 1914 1305 1980; x_wconf 85' lang='lat' dir='ltr'>Locum</span> <span class='ocrx_word' id='word_1_73' title='bbox 1320 1919 1371 1979; x_wconf 90' lang='lat' dir='ltr'>te·</span> 
     </span>
     <span class='ocr_line' id='line_1_12' title="bbox 314 2015 1368 2102; baseline 0.002 -24"><span class='ocrx_word' id='word_1_74' title='bbox 314 2018 414 2079; x_wconf 90' lang='lat' dir='ltr'>nente</span> <span class='ocrx_word' id='word_1_75' title='bbox 436 2015 525 2101; x_wconf 86' lang='lat' dir='ltr'>opud</span> <span class='ocrx_word' id='word_1_76' title='bbox 548 2015 727 2102; x_wconf 86' lang='lat' dir='ltr'>Drogheda</span> <span class='ocrx_word' id='word_1_77' title='bbox 749 2015 892 2080; x_wconf 87' lang='lat' dir='ltr'>secundo</span> <span class='ocrx_word' id='word_1_78' title='bbox 916 2015 969 2082; x_wconf 89' lang='lat' dir='ltr'>die</span> <span class='ocrx_word' id='word_1_79' title='bbox 991 2015 1138 2102; x_wconf 84' lang='lat' dir='ltr'>Augusti</span> <span class='ocrx_word' id='word_1_80' title='bbox 1161 2037 1249 2080; x_wconf 91' lang='lat' dir='ltr'>anno</span> <span class='ocrx_word' id='word_1_81' title='bbox 1272 2015 1368 2102; x_wconf 77' lang='lat' dir='ltr'>xxijo.</span> 
     </span>
     <span class='ocr_line' id='line_1_13' title="bbox 359 2115 1370 2205; baseline 0.002 -25"><span class='ocrx_word' id='word_1_82' title='bbox 359 2115 438 2180; x_wconf 85' lang='lat' dir='ltr'>And</span> <span class='ocrx_word' id='word_1_83' title='bbox 460 2120 525 2205; x_wconf 69' lang='lat' dir='ltr'>pan</span> <span class='ocrx_word' id='word_1_84' title='bbox 547 2117 633 2183; x_wconf 80' lang='lat' dir='ltr'>aiter</span> <span class='ocrx_word' id='word_1_85' title='bbox 653 2117 703 2204; x_wconf 68' lang='lat' dir='ltr'>pis</span> <span class='ocrx_word' id='word_1_86' title='bbox 729 2115 934 2182; x_wconf 84' lang='lat' dir='ltr'>declaracion</span> <span class='ocrx_word' id='word_1_87' title='bbox 956 2138 1026 2181; x_wconf 87' lang='lat' dir='ltr'>was</span> <span class='ocrx_word' id='word_1_88' title='bbox 1057 2118 1151 2196; x_wconf 87' lang='lat' dir='ltr'>done,</span> <span class='ocrx_word' id='word_1_89' title='bbox 1174 2137 1254 2182; x_wconf 89' lang='lat' dir='ltr'>sone</span> <span class='ocrx_word' id='word_1_90' title='bbox 1284 2115 1370 2182; x_wconf 83' lang='lat' dir='ltr'>after</span> 
     </span>
     <span class='ocr_line' id='line_1_14' title="bbox 313 2217 1369 2310; baseline 0.003 -29"><span class='ocrx_word' id='word_1_91' title='bbox 313 2220 369 2302; x_wconf 66' lang='lat' dir='ltr'>ter</span> <span class='ocrx_word' id='word_1_92' title='bbox 392 2239 459 2284; x_wconf 85' lang='lat' dir='ltr'>was</span> <span class='ocrx_word' id='word_1_93' title='bbox 482 2225 602 2310; x_wconf 70' lang='lat' dir='ltr'>anoper</span> <span class='ocrx_word' id='word_1_94' title='bbox 625 2218 775 2284; x_wconf 86' lang='lat' dir='ltr'>declared</span> <span class='ocrx_word' id='word_1_95' title='bbox 797 2217 886 2283; x_wconf 84' lang='lat' dir='ltr'>afore</span> <span class='ocrx_word' id='word_1_96' title='bbox 909 2222 947 2304; x_wconf 69' lang='lat' dir='ltr'>te</span> <span class='ocrx_word' id='word_1_97' title='bbox 969 2218 1041 2284; x_wconf 90' lang='lat' dir='ltr'>said</span> <span class='ocrx_word' id='word_1_98' title='bbox 1065 2218 1191 2284; x_wconf 88' lang='lat' dir='ltr'>Robert</span> <span class='ocrx_word' id='word_1_99' title='bbox 1221 2217 1369 2284; x_wconf 85' lang='lat' dir='ltr'>Manfeld</span> 
     </span>
     <span class='ocr_line' id='line_1_15' title="bbox 313 2319 1368 2409; baseline 0.004 -27"><span class='ocrx_word' id='word_1_100' title='bbox 313 2319 348 2382; x_wconf 92' lang='lat' dir='ltr'>in</span> <span class='ocrx_word' id='word_1_101' title='bbox 364 2341 496 2406; x_wconf 87' lang='lat' dir='ltr'>presens</span> <span class='ocrx_word' id='word_1_102' title='bbox 510 2321 548 2386; x_wconf 83' lang='lat' dir='ltr'>of</span> <span class='ocrx_word' id='word_1_103' title='bbox 565 2321 708 2408; x_wconf 66' lang='lat' dir='ltr'>pesaide</span> <span class='ocrx_word' id='word_1_104' title='bbox 724 2319 810 2398; x_wconf 88' lang='lat' dir='ltr'>Erle,</span> <span class='ocrx_word' id='word_1_105' title='bbox 826 2324 863 2409; x_wconf 68' lang='lat' dir='ltr'>pe</span> <span class='ocrx_word' id='word_1_106' title='bbox 880 2320 1019 2408; x_wconf 86' lang='lat' dir='ltr'>Kynges</span> <span class='ocrx_word' id='word_1_107' title='bbox 1034 2321 1285 2398; x_wconf 86' lang='lat' dir='ltr'>Lieutenauute,</span> <span class='ocrx_word' id='word_1_108' title='bbox 1301 2324 1368 2386; x_wconf 84' lang='lat' dir='ltr'>and</span> 
     </span>
     <span class='ocr_line' id='line_1_16' title="bbox 314 2420 1370 2510; baseline 0.002 -25"><span class='ocrx_word' id='word_1_109' title='bbox 314 2426 404 2506; x_wconf 68' lang='lat' dir='ltr'>opers</span> <span class='ocrx_word' id='word_1_110' title='bbox 426 2420 464 2486; x_wconf 86' lang='lat' dir='ltr'>of</span> <span class='ocrx_word' id='word_1_111' title='bbox 490 2426 528 2510; x_wconf 68' lang='lat' dir='ltr'>pe</span> <span class='ocrx_word' id='word_1_112' title='bbox 553 2423 691 2510; x_wconf 88' lang='lat' dir='ltr'>Kynges</span> <span class='ocrx_word' id='word_1_113' title='bbox 716 2422 890 2488; x_wconf 85' lang='lat' dir='ltr'>Counselle</span> <span class='ocrx_word' id='word_1_114' title='bbox 912 2425 985 2510; x_wconf 68' lang='lat' dir='ltr'>pere</span> <span class='ocrx_word' id='word_1_115' title='bbox 1008 2443 1044 2488; x_wconf 85' lang='lat' dir='ltr'>as</span> <span class='ocrx_word' id='word_1_116' title='bbox 1066 2423 1119 2488; x_wconf 88' lang='lat' dir='ltr'>hit</span> <span class='ocrx_word' id='word_1_117' title='bbox 1143 2421 1300 2487; x_wconf 83' lang='lat' dir='ltr'>folcweth</span> <span class='ocrx_word' id='word_1_118' title='bbox 1331 2422 1370 2487; x_wconf 92' lang='lat' dir='ltr'>in</span> 
     </span>
     <span class='ocr_line' id='line_1_17' title="bbox 311 2522 1369 2614; baseline 0.004 -28"><span class='ocrx_word' id='word_1_119' title='bbox 311 2527 350 2613; x_wconf 74' lang='lat' dir='ltr'>pe</span> <span class='ocrx_word' id='word_1_120' title='bbox 372 2522 463 2588; x_wconf 85' lang='lat' dir='ltr'>saida</span> <span class='ocrx_word' id='word_1_121' title='bbox 485 2523 697 2605; x_wconf 83' lang='lat' dir='ltr'>declaracion,</span> <span class='ocrx_word' id='word_1_122' title='bbox 721 2529 836 2613; x_wconf 67' lang='lat' dir='ltr'>to&#39;pat</span> <span class='ocrx_word' id='word_1_123' title='bbox 850 2528 985 2590; x_wconf 91' lang='lat' dir='ltr'>entente</span> <span class='ocrx_word' id='word_1_124' title='bbox 1007 2529 1063 2614; x_wconf 69' lang='lat' dir='ltr'>pat</span> <span class='ocrx_word' id='word_1_125' title='bbox 1085 2523 1226 2614; x_wconf 65' lang='lat' dir='ltr'>Posside</span> <span class='ocrx_word' id='word_1_126' title='bbox 1242 2523 1369 2590; x_wconf 88' lang='lat' dir='ltr'>Robert</span> 
     </span>
     <span class='ocr_line' id='line_1_18' title="bbox 311 2623 1369 2713; baseline 0.003 -25"><span class='ocrx_word' id='word_1_127' title='bbox 311 2623 427 2689; x_wconf 84' lang='lat' dir='ltr'>shulde</span> <span class='ocrx_word' id='word_1_128' title='bbox 450 2626 548 2690; x_wconf 88' lang='lat' dir='ltr'>make</span> <span class='ocrx_word' id='word_1_129' title='bbox 571 2631 673 2692; x_wconf 88' lang='lat' dir='ltr'>trewe</span> <span class='ocrx_word' id='word_1_130' title='bbox 696 2630 826 2712; x_wconf 84' lang='lat' dir='ltr'>reporto</span> <span class='ocrx_word' id='word_1_131' title='bbox 849 2631 932 2692; x_wconf 88' lang='lat' dir='ltr'>unto</span> <span class='ocrx_word' id='word_1_132' title='bbox 954 2630 991 2713; x_wconf 69' lang='lat' dir='ltr'>te</span> <span class='ocrx_word' id='word_1_133' title='bbox 1016 2625 1145 2712; x_wconf 85' lang='lat' dir='ltr'>Kynge,</span> <span class='ocrx_word' id='word_1_134' title='bbox 1161 2625 1219 2690; x_wconf 89' lang='lat' dir='ltr'>the</span> <span class='ocrx_word' id='word_1_135' title='bbox 1242 2623 1369 2691; x_wconf 87' lang='lat' dir='ltr'>whiche</span> 
     </span>
     <span class='ocr_line' id='line_1_19' title="bbox 311 2725 1398 2794; baseline 0.001 -5"><span class='ocrx_word' id='word_1_136' title='bbox 311 2725 340 2791; x_wconf 90' lang='lat' dir='ltr'>is</span> <span class='ocrx_word' id='word_1_137' title='bbox 361 2725 430 2792; x_wconf 89' lang='lat' dir='ltr'>this</span> <span class='ocrx_word' id='word_1_138' title='bbox 443 2751 497 2794; x_wconf 88' lang='lat'>:-</span> <span class='ocrx_word' id='word_1_139' title='bbox 1397 2786 1398 2790; x_wconf 75' lang='grc'>,</span> 
     </span>
     <span class='ocr_line' id='line_1_20' title="bbox 357 2829 1521 2917; baseline 0.001 -24"><span class='ocrx_word' id='word_1_140' title='bbox 357 2829 521 2895; x_wconf 83' lang='lat' dir='ltr'>Henricus</span> <span class='ocrx_word' id='word_1_141' title='bbox 555 2830 610 2897; x_wconf 74' lang='lat' dir='ltr'>duc</span> <span class='ocrx_word' id='word_1_142' title='bbox 665 2829 875 2916; x_wconf 85' lang='lat' dir='ltr'>Inspeximus</span> <span class='ocrx_word' id='word_1_143' title='bbox 905 2829 1046 2896; x_wconf 84' lang='lat' dir='ltr'>ulterius</span> <span class='ocrx_word' id='word_1_144' title='bbox 1078 2830 1244 2917; x_wconf 78' lang='lat' dir='ltr'>quoddam</span> <span class='ocrx_word' id='word_1_145' title='bbox 1274 2829 1366 2895; x_wconf 87' lang='lat' dir='ltr'>aliud</span> <span class='ocrx_word' id='word_1_146' title='bbox 1399 2839 1521 2885; x_wconf 63' lang='lat' dir='ltr'>nawa</span> 
     </span>
    </p>
   </div>
   <div class='ocr_carea' id='block_1_3' title="bbox 1379 2889 1524 2944">
    <p class='ocr_par' dir='ltr' id='par_1_3' title="bbox 1379 2889 1524 2944">
     <span class='ocr_line' id='line_1_21' title="bbox 1379 2889 1524 2944; baseline 0.007 -11"><span class='ocrx_word' id='word_1_147' title='bbox 1379 2889 1524 2944; x_wconf 81' lang='lat' dir='ltr'>inspeximus</span> 
     </span>
    </p>
   </div>
   <div class='ocr_carea' id='block_1_4' title="bbox 312 2931 1516 3034">
    <p class='ocr_par' dir='ltr' id='par_1_4' title="bbox 312 2931 1516 3034">
     <span class='ocr_line' id='line_1_22' title="bbox 312 2931 1516 3034; baseline 0.002 -38"><span class='ocrx_word' id='word_1_148' title='bbox 312 2932 558 2997; x_wconf 84' lang='lat' dir='ltr'>memorandum</span> <span class='ocrx_word' id='word_1_149' title='bbox 591 2932 626 2997; x_wconf 93' lang='lat' dir='ltr'>in</span> <span class='ocrx_word' id='word_1_150' title='bbox 650 2931 783 2999; x_wconf 84' lang='lat' dir='ltr'>Rutulis</span> <span class='ocrx_word' id='word_1_151' title='bbox 815 2932 902 2999; x_wconf 90' lang='lat' dir='ltr'>dicte</span> <span class='ocrx_word' id='word_1_152' title='bbox 927 2931 1128 3000; x_wconf 70' lang='lat' dir='ltr'>cancellarie</span> <span class='ocrx_word' id='word_1_153' title='bbox 1151 2936 1261 2998; x_wconf 84' lang='lat' dir='ltr'>nostre</span> <span class='ocrx_word' id='word_1_154' title='bbox 1284 2932 1365 2998; x_wconf 82' lang='lat' dir='ltr'>irro-</span> <span class='ocrx_word' id='word_1_155' title='bbox 1379 2942 1516 3034; x_wconf 45' lang='lat' dir='ltr'>3233}ng</span> 
     </span>
    </p>
   </div>
   <div class='ocr_carea' id='block_1_5' title="bbox 311 3032 1536 3135">
    <p class='ocr_par' dir='ltr' id='par_1_5' title="bbox 311 3032 1536 3135">
     <span class='ocr_line' id='line_1_23' title="bbox 311 3032 1536 3135; baseline -0.004 -36"><span class='ocrx_word' id='word_1_156' title='bbox 311 3032 458 3100; x_wconf 89' lang='lat' dir='ltr'>tulatum</span> <span class='ocrx_word' id='word_1_157' title='bbox 485 3034 521 3098; x_wconf 92' lang='lat' dir='ltr'>in</span> <span class='ocrx_word' id='word_1_158' title='bbox 544 3035 604 3099; x_wconf 89' lang='lat' dir='ltr'>hec</span> <span class='ocrx_word' id='word_1_159' title='bbox 634 3035 744 3102; x_wconf 85' lang='lat' dir='ltr'>verba.</span> <span class='ocrx_word' id='word_1_160' title='bbox 791 3035 1052 3113; x_wconf 87' lang='lat' dir='ltr'>Memorandum,</span> <span class='ocrx_word' id='word_1_161' title='bbox 1075 3032 1165 3120; x_wconf 90' lang='lat' dir='ltr'>quod</span> <span class='ocrx_word' id='word_1_162' title='bbox 1187 3033 1289 3120; x_wconf 74' lang='lat' dir='ltr'>xxjmo</span> <span class='ocrx_word' id='word_1_163' title='bbox 1312 3035 1366 3100; x_wconf 92' lang='lat' dir='ltr'>die</span> <span class='ocrx_word' id='word_1_164' title='bbox 1378 3041 1536 3135; x_wconf 56' lang='lat' dir='ltr'>gffim,</span> 
     </span>
    </p>
   </div>
   <div class='ocr_carea' id='block_1_6' title="bbox 310 3093 1537 4651">
    <p class='ocr_par' dir='ltr' id='par_1_6' title="bbox 310 3093 1537 4651">
     <span class='ocr_line' id='line_1_24' title="bbox 311 3093 1537 3244; baseline 0.002 -44"><span class='ocrx_word' id='word_1_165' title='bbox 311 3133 335 3200; x_wconf 85' lang='lat' dir='ltr'><strong>J</strong></span> <span class='ocrx_word' id='word_1_166' title='bbox 337 3133 417 3213; x_wconf 91' lang='lat' dir='ltr'>unii,</span> <span class='ocrx_word' id='word_1_167' title='bbox 433 3156 521 3200; x_wconf 87' lang='lat' dir='ltr'>anno</span> <span class='ocrx_word' id='word_1_168' title='bbox 544 3137 639 3222; x_wconf 87' lang='lat' dir='ltr'>regni</span> <span class='ocrx_word' id='word_1_169' title='bbox 656 3137 757 3224; x_wconf 84' lang='lat' dir='ltr'>Regis</span> <span class='ocrx_word' id='word_1_170' title='bbox 778 3135 917 3202; x_wconf 87' lang='lat' dir='ltr'>Henrici</span> <span class='ocrx_word' id='word_1_171' title='bbox 933 3138 1020 3202; x_wconf 85' lang='lat' dir='ltr'>sexti</span> <span class='ocrx_word' id='word_1_172' title='bbox 1037 3137 1192 3202; x_wconf 90' lang='lat' dir='ltr'>vicesimo</span> <span class='ocrx_word' id='word_1_173' title='bbox 1214 3136 1365 3212; x_wconf 74' lang='lat' dir='ltr'>secundo</span> <span class='ocrx_word' id='word_1_174' title='bbox 1376 3093 1537 3244; x_wconf 45' lang='lat' dir='ltr'>§yffi</span> 
     </span>
     <span class='ocr_line' id='line_1_25' title="bbox 311 3236 1365 3325; baseline 0.002 -25"><span class='ocrx_word' id='word_1_175' title='bbox 311 3236 347 3301; x_wconf 93' lang='lat' dir='ltr'>in</span> <span class='ocrx_word' id='word_1_176' title='bbox 378 3237 542 3303; x_wconf 89' lang='lat' dir='ltr'>Vestiario</span> <span class='ocrx_word' id='word_1_177' title='bbox 567 3238 699 3325; x_wconf 85' lang='lat' dir='ltr'>Capelle</span> <span class='ocrx_word' id='word_1_178' title='bbox 734 3237 850 3303; x_wconf 79' lang='lat' dir='ltr'>Sancti</span> <span class='ocrx_word' id='word_1_179' title='bbox 880 3237 1046 3304; x_wconf 82' lang='lat' dir='ltr'>Johennis</span> <span class='ocrx_word' id='word_1_180' title='bbox 1076 3237 1164 3302; x_wconf 82' lang='lat' dir='ltr'>infra</span> <span class='ocrx_word' id='word_1_181' title='bbox 1187 3236 1365 3303; x_wconf 86' lang='lat' dir='ltr'>Ecclesiam</span> 
     </span>
     <span class='ocr_line' id='line_1_26' title="bbox 313 3338 1367 3427; baseline 0.003 -23"><span class='ocrx_word' id='word_1_182' title='bbox 313 3338 428 3406; x_wconf 82' lang='lat' dir='ltr'>Sancti</span> <span class='ocrx_word' id='word_1_183' title='bbox 450 3339 543 3404; x_wconf 89' lang='lat' dir='ltr'>Petri</span> <span class='ocrx_word' id='word_1_184' title='bbox 565 3340 607 3405; x_wconf 91' lang='lat' dir='ltr'>de</span> <span class='ocrx_word' id='word_1_185' title='bbox 642 3339 822 3427; x_wconf 85' lang='lat' dir='ltr'>Droghedu</span> <span class='ocrx_word' id='word_1_186' title='bbox 854 3340 988 3416; x_wconf 88' lang='lat' dir='ltr'>situato‚</span> <span class='ocrx_word' id='word_1_187' title='bbox 1024 3339 1147 3404; x_wconf 87' lang='lat' dir='ltr'>nobilis</span> <span class='ocrx_word' id='word_1_188' title='bbox 1181 3343 1215 3404; x_wconf 89' lang='lat' dir='ltr'>et</span> <span class='ocrx_word' id='word_1_189' title='bbox 1249 3345 1367 3426; x_wconf 84' lang='lat' dir='ltr'>potens</span> 
     </span>
     <span class='ocr_line' id='line_1_27' title="bbox 312 3439 1364 3520; baseline 0.002 -15"><span class='ocrx_word' id='word_1_190' title='bbox 312 3440 475 3506; x_wconf 88' lang='lat' dir='ltr'>Dominus</span> <span class='ocrx_word' id='word_1_191' title='bbox 513 3440 661 3508; x_wconf 84' lang='lat' dir='ltr'>Jacobus</span> <span class='ocrx_word' id='word_1_192' title='bbox 695 3440 725 3505; x_wconf 91' lang='lat' dir='ltr'>le</span> <span class='ocrx_word' id='word_1_193' title='bbox 763 3441 920 3508; x_wconf 86' lang='lat' dir='ltr'>Botillere</span> <span class='ocrx_word' id='word_1_194' title='bbox 960 3440 1078 3507; x_wconf 80' lang='lat' dir='ltr'>Comes</span> <span class='ocrx_word' id='word_1_195' title='bbox 1115 3440 1156 3505; x_wconf 88' lang='lat' dir='ltr'>de</span> <span class='ocrx_word' id='word_1_196' title='bbox 1188 3439 1364 3520; x_wconf 89' lang='lat' dir='ltr'>Ormonde,</span> 
     </span>
     <span class='ocr_line' id='line_1_28' title="bbox 312 3539 1364 3630; baseline 0.001 -22"><span class='ocrx_word' id='word_1_197' title='bbox 312 3543 434 3610; x_wconf 91' lang='lat' dir='ltr'>Locum</span> <span class='ocrx_word' id='word_1_198' title='bbox 458 3547 576 3610; x_wconf 87' lang='lat' dir='ltr'>tenens</span> <span class='ocrx_word' id='word_1_199' title='bbox 599 3542 737 3609; x_wconf 91' lang='lat' dir='ltr'>Domini</span> <span class='ocrx_word' id='word_1_200' title='bbox 761 3545 866 3610; x_wconf 86' lang='lat' dir='ltr'>nostri</span> <span class='ocrx_word' id='word_1_201' title='bbox 889 3543 991 3630; x_wconf 85' lang='lat' dir='ltr'>Regis</span> <span class='ocrx_word' id='word_1_202' title='bbox 1013 3549 1100 3609; x_wconf 87' lang='lat' dir='ltr'>terre</span> <span class='ocrx_word' id='word_1_203' title='bbox 1119 3563 1177 3608; x_wconf 92' lang='lat' dir='ltr'>sue</span> <span class='ocrx_word' id='word_1_204' title='bbox 1193 3539 1364 3621; x_wconf 85' lang='lat' dir='ltr'>Hibernie,</span> 
     </span>
     <span class='ocr_line' id='line_1_29' title="bbox 312 3643 1364 3733; baseline 0.002 -24"><span class='ocrx_word' id='word_1_205' title='bbox 312 3645 454 3711; x_wconf 89' lang='lat' dir='ltr'>Ricardo</span> <span class='ocrx_word' id='word_1_206' title='bbox 492 3645 748 3733; x_wconf 87' lang='lat' dir='ltr'>Archiepiscopo</span> <span class='ocrx_word' id='word_1_207' title='bbox 797 3645 967 3725; x_wconf 90' lang='lat' dir='ltr'>Dublinie‚</span> <span class='ocrx_word' id='word_1_208' title='bbox 1014 3646 1156 3712; x_wconf 84' lang='lat' dir='ltr'>Ricardo</span> <span class='ocrx_word' id='word_1_209' title='bbox 1193 3643 1364 3732; x_wconf 89' lang='lat' dir='ltr'>Wogaune</span> 
     </span>
     <span class='ocr_line' id='line_1_30' title="bbox 313 3746 1365 3836; baseline 0 -22"><span class='ocrx_word' id='word_1_210' title='bbox 313 3746 515 3814; x_wconf 81' lang='lat' dir='ltr'>Cancellario</span> <span class='ocrx_word' id='word_1_211' title='bbox 548 3746 685 3814; x_wconf 88' lang='lat' dir='ltr'>Domini</span> <span class='ocrx_word' id='word_1_212' title='bbox 720 3747 819 3836; x_wconf 90' lang='lat' dir='ltr'>Regis</span> <span class='ocrx_word' id='word_1_213' title='bbox 850 3753 938 3815; x_wconf 90' lang='lat' dir='ltr'>terre</span> <span class='ocrx_word' id='word_1_214' title='bbox 971 3770 1028 3814; x_wconf 88' lang='lat' dir='ltr'>suo</span> <span class='ocrx_word' id='word_1_215' title='bbox 1054 3747 1224 3823; x_wconf 72' lang='lat' dir='ltr'>Hibernia,</span> <span class='ocrx_word' id='word_1_216' title='bbox 1248 3747 1365 3814; x_wconf 81' lang='lat' dir='ltr'>Fratre</span> 
     </span>
     <span class='ocr_line' id='line_1_31' title="bbox 312 3847 1365 3938; baseline -0.002 -22"><span class='ocrx_word' id='word_1_217' title='bbox 312 3849 456 3938; x_wconf 91' lang='lat' dir='ltr'>Hugone</span> <span class='ocrx_word' id='word_1_218' title='bbox 479 3849 696 3936; x_wconf 86' lang='lat' dir='ltr'>Mydletoune</span> <span class='ocrx_word' id='word_1_219' title='bbox 719 3849 966 3937; x_wconf 82' lang='lat' dir='ltr'>Turcupellario</span> <span class='ocrx_word' id='word_1_220' title='bbox 981 3850 1022 3915; x_wconf 90' lang='lat' dir='ltr'>de</span> <span class='ocrx_word' id='word_1_221' title='bbox 1038 3847 1163 3935; x_wconf 79' lang='lat' dir='ltr'>aodys,</span> <span class='ocrx_word' id='word_1_222' title='bbox 1187 3847 1301 3914; x_wconf 90' lang='lat' dir='ltr'>Priore</span> <span class='ocrx_word' id='word_1_223' title='bbox 1324 3849 1365 3914; x_wconf 91' lang='lat' dir='ltr'>de</span> 
     </span>
     <span class='ocr_line' id='line_1_32' title="bbox 312 3949 1366 4038; baseline 0.001 -23"><span class='ocrx_word' id='word_1_224' title='bbox 312 3951 589 4037; x_wconf 87' lang='lat' dir='ltr'>Kylmaynaume,</span> <span class='ocrx_word' id='word_1_225' title='bbox 620 3952 802 4020; x_wconf 85' lang='lat' dir='ltr'>Oristoforo</span> <span class='ocrx_word' id='word_1_226' title='bbox 840 3950 1044 4018; x_wconf 84' lang='lat' dir='ltr'>Bernewelle</span> <span class='ocrx_word' id='word_1_227' title='bbox 1084 3949 1228 4038; x_wconf 84' lang='lat' dir='ltr'>Capituli</span> <span class='ocrx_word' id='word_1_228' title='bbox 1260 3949 1366 4016; x_wconf 90' lang='lat' dir='ltr'>Justi·</span> 
     </span>
     <span class='ocr_line' id='line_1_33' title="bbox 312 4053 1366 4142; baseline 0 -24"><span class='ocrx_word' id='word_1_229' title='bbox 312 4053 413 4120; x_wconf 81' lang='lat' dir='ltr'>ciario</span> <span class='ocrx_word' id='word_1_230' title='bbox 437 4053 574 4120; x_wconf 89' lang='lat' dir='ltr'>Domini</span> <span class='ocrx_word' id='word_1_231' title='bbox 604 4055 705 4142; x_wconf 84' lang='lat' dir='ltr'>Regis</span> <span class='ocrx_word' id='word_1_232' title='bbox 734 4055 778 4119; x_wconf 87' lang='lat' dir='ltr'>ad</span> <span class='ocrx_word' id='word_1_233' title='bbox 809 4053 939 4120; x_wconf 85' lang='lat' dir='ltr'>Placita</span> <span class='ocrx_word' id='word_1_234' title='bbox 972 4074 1083 4120; x_wconf 87' lang='lat' dir='ltr'>coram</span> <span class='ocrx_word' id='word_1_235' title='bbox 1114 4053 1186 4140; x_wconf 91' lang='lat' dir='ltr'>ipso</span> <span class='ocrx_word' id='word_1_236' title='bbox 1221 4053 1366 4119; x_wconf 92' lang='lat' dir='ltr'>Domino</span> 
     </span>
     <span class='ocr_line' id='line_1_34' title="bbox 311 4154 1366 4243; baseline -0.001 -22"><span class='ocrx_word' id='word_1_237' title='bbox 311 4155 403 4243; x_wconf 86' lang='lat' dir='ltr'>Rege</span> <span class='ocrx_word' id='word_1_238' title='bbox 431 4155 469 4220; x_wconf 91' lang='lat' dir='ltr'>in</span> <span class='ocrx_word' id='word_1_239' title='bbox 491 4159 580 4221; x_wconf 86' lang='lat' dir='ltr'>terra</span> <span class='ocrx_word' id='word_1_240' title='bbox 610 4155 759 4242; x_wconf 87' lang='lat' dir='ltr'>predicta</span> <span class='ocrx_word' id='word_1_241' title='bbox 784 4155 937 4234; x_wconf 87' lang='lat' dir='ltr'>tenenda,</span> <span class='ocrx_word' id='word_1_242' title='bbox 961 4155 1110 4221; x_wconf 88' lang='lat' dir='ltr'>Waltero</span> <span class='ocrx_word' id='word_1_243' title='bbox 1133 4155 1280 4221; x_wconf 84' lang='lat' dir='ltr'>Chevere</span> <span class='ocrx_word' id='word_1_244' title='bbox 1306 4154 1366 4220; x_wconf 87' lang='lat' dir='ltr'>Se·</span> 
     </span>
     <span class='ocr_line' id='line_1_35' title="bbox 310 4255 1422 4345; baseline 0.001 -23"><span class='ocrx_word' id='word_1_245' title='bbox 310 4257 468 4322; x_wconf 85' lang='lat' dir='ltr'>cundarr‘o</span> <span class='ocrx_word' id='word_1_246' title='bbox 502 4256 697 4324; x_wconf 82' lang='lat' dir='ltr'>Justiciario</span> <span class='ocrx_word' id='word_1_247' title='bbox 720 4258 856 4325; x_wconf 90' lang='lat' dir='ltr'>Domini</span> <span class='ocrx_word' id='word_1_248' title='bbox 887 4257 989 4345; x_wconf 87' lang='lat' dir='ltr'>Regis</span> <span class='ocrx_word' id='word_1_249' title='bbox 1021 4258 1065 4322; x_wconf 87' lang='lat' dir='ltr'>ad</span> <span class='ocrx_word' id='word_1_250' title='bbox 1099 4255 1225 4322; x_wconf 81' lang='lat' dir='ltr'>Piacits</span> <span class='ocrx_word' id='word_1_251' title='bbox 1256 4278 1365 4324; x_wconf 87' lang='lat' dir='ltr'>coram</span> <span class='ocrx_word' id='word_1_252' title='bbox 1418 4299 1422 4308; x_wconf 79' lang='lat'><em>·</em></span> 
     </span>
     <span class='ocr_line' id='line_1_36' title="bbox 310 4358 1365 4448; baseline 0.001 -25"><span class='ocrx_word' id='word_1_253' title='bbox 310 4360 381 4446; x_wconf 85' lang='lat' dir='ltr'>ipso</span> <span class='ocrx_word' id='word_1_254' title='bbox 404 4358 549 4425; x_wconf 90' lang='lat' dir='ltr'>Domino</span> <span class='ocrx_word' id='word_1_255' title='bbox 572 4359 663 4447; x_wconf 87' lang='lat' dir='ltr'>Rege</span> <span class='ocrx_word' id='word_1_256' title='bbox 696 4361 731 4425; x_wconf 94' lang='lat' dir='ltr'>in</span> <span class='ocrx_word' id='word_1_257' title='bbox 756 4366 845 4428; x_wconf 87' lang='lat' dir='ltr'>terra</span> <span class='ocrx_word' id='word_1_258' title='bbox 866 4361 1014 4448; x_wconf 86' lang='lat' dir='ltr'>predicta</span> <span class='ocrx_word' id='word_1_259' title='bbox 1036 4358 1188 4437; x_wconf 89' lang='lat' dir='ltr'>tenenda,</span> <span class='ocrx_word' id='word_1_260' title='bbox 1211 4359 1365 4425; x_wconf 82' lang='lat' dir='ltr'>Johanne</span> 
     </span>
     <span class='ocr_line' id='line_1_37' title="bbox 311 4459 1364 4548; baseline -0.002 -20"><span class='ocrx_word' id='word_1_261' title='bbox 311 4459 426 4548; x_wconf 81' lang='lat' dir='ltr'>(ioghe</span> <span class='ocrx_word' id='word_1_262' title='bbox 449 4459 651 4528; x_wconf 84' lang='lat' dir='ltr'>Secundnrio</span> <span class='ocrx_word' id='word_1_263' title='bbox 674 4463 803 4529; x_wconf 87' lang='lat' dir='ltr'>Barone</span> <span class='ocrx_word' id='word_1_264' title='bbox 826 4461 986 4529; x_wconf 82' lang='lat' dir='ltr'>Scaccarii</span> <span class='ocrx_word' id='word_1_265' title='bbox 1009 4459 1146 4526; x_wconf 89' lang='lat' dir='ltr'>Domini</span> <span class='ocrx_word' id='word_1_266' title='bbox 1162 4459 1262 4548; x_wconf 89' lang='lat' dir='ltr'>Regis</span> <span class='ocrx_word' id='word_1_267' title='bbox 1277 4465 1364 4526; x_wconf 87' lang='lat' dir='ltr'>terre</span> 
     </span>
     <span class='ocr_line' id='line_1_38' title="bbox 310 4561 1364 4651; baseline -0.005 -21"><span class='ocrx_word' id='word_1_268' title='bbox 310 4583 368 4630; x_wconf 90' lang='lat' dir='ltr'>sue</span> <span class='ocrx_word' id='word_1_269' title='bbox 400 4563 555 4649; x_wconf 85' lang='lat' dir='ltr'>predicte,</span> <span class='ocrx_word' id='word_1_270' title='bbox 589 4563 687 4630; x_wconf 89' lang='lat' dir='ltr'>Petro</span> <span class='ocrx_word' id='word_1_271' title='bbox 722 4563 914 4651; x_wconf 86' lang='lat' dir='ltr'>Olyntonne</span> <span class='ocrx_word' id='word_1_272' title='bbox 951 4561 1017 4629; x_wconf 88' lang='lat' dir='ltr'>alio</span> <span class='ocrx_word' id='word_1_273' title='bbox 1055 4561 1184 4626; x_wconf 88' lang='lat' dir='ltr'>Barone</span> <span class='ocrx_word' id='word_1_274' title='bbox 1218 4561 1364 4645; x_wconf 88' lang='lat' dir='ltr'>ejusdem</span> 
     </span>
    </p>
   </div>
   <div class='ocr_carea' id='block_1_7' title="bbox 312 4663 1365 4747">
    <p class='ocr_par' dir='ltr' id='par_1_7' title="bbox 312 4663 1365 4747">
     <span class='ocr_line' id='line_1_39' title="bbox 312 4663 1365 4747; baseline 0.003 -17"><span class='ocrx_word' id='word_1_275' title='bbox 312 4663 483 4747; x_wconf 86' lang='lat' dir='ltr'>Scaccarii,</span> <span class='ocrx_word' id='word_1_276' title='bbox 507 4669 542 4731; x_wconf 88' lang='lat' dir='ltr'>et</span> <span class='ocrx_word' id='word_1_277' title='bbox 565 4664 732 4732; x_wconf 79' lang='lat' dir='ltr'>Eduardo</span> <span class='ocrx_word' id='word_1_278' title='bbox 766 4665 983 4732; x_wconf 85' lang='lat' dir='ltr'>Somertouna</span> <span class='ocrx_word' id='word_1_279' title='bbox 1018 4663 1191 4730; x_wconf 87' lang='lat' dir='ltr'>Serviente</span> <span class='ocrx_word' id='word_1_280' title='bbox 1228 4663 1365 4733; x_wconf 81' lang='lat' dir='ltr'>Domini</span> 
     </span>
    </p>
   </div>
   <div class='ocr_carea' id='block_1_8' title="bbox 0 0 1790 5770">
    <p class='ocr_par' dir='ltr' id='par_1_8' title="bbox 0 0 1790 5770">
     <span class='ocr_line' id='line_1_40' title="bbox 0 0 1790 5770; baseline 0 4"><span class='ocrx_word' id='word_1_281' title='bbox 0 0 1790 5770; x_wconf 95' lang='lat' dir='ltr'> </span> 
     </span>
    </p>
   </div>
  </div>
 </body>
</html>
