3570 5770
451 846 515 909 296
877 857 1064 908 areanum.

452 1048 543 1122 toun,
575 1050 736 1125 narrator,
758 1067 779 1109 a
802 1044 1085 1110 venerabilissimo
1108 1044 1208 1111 Patre
1233 1045 1375 1110 Ricardo
1406 1043 1499 1109 Dub-

451 1146 583 1210 liniensi
606 1145 870 1233 ArchiepiscopO,
896 1146 1058 1212 Hibernia
1082 1147 1237 1224 Primate,
1261 1151 1302 1210 ut
1332 1146 1499 1223 dixerunt,

452 1248 559 1313 eidem
581 1247 726 1314 Domino
749 1248 873 1315 Locum
895 1249 1026 1313 tenenti
1048 1249 1149 1328 missi,
1173 1248 1302 1333 sibique
1333 1270 1375 1313 ex
1405 1252 1500 1334 parte

321 1361 323 1368 '
453 1349 533 1414 dicti
556 1348 801 1436 Archiepisoopi
817 1347 1046 1414 Dubliniensis
1061 1350 1321 1427 declaraverunt,
1336 1348 1500 1436 quomodo

452 1451 561 1516 dictus
594 1451 756 1516 Dominus
788 1456 901 1516 noster
932 1451 1006 1515 Rex
1029 1450 1156 1516 dictum
1181 1452 1360 1516 Ricardum
1383 1450 1500 1515 Archi-

452 1552 639 1638 episoopum
663 1571 759 1617 suum
781 1551 859 1616 fecit
883 1551 1122 1617 Cancellarium
1146 1559 1233 1617 terre
1255 1575 1313 1617 sue
1337 1551 1499 1617 Hibernie

451 1676 509 1740 per
540 1655 652 1718 literas
684 1674 760 1718 suas
791 1659 949 1739 patentes,
974 1659 1007 1718 et
1030 1653 1302 1719 desideraverunt
1333 1675 1375 1719 ex
1404 1657 1498 1741 parte

450 1757 531 1822 dicti
554 1755 799 1842 Archiepisoopi
822 1754 1052 1820 Dubliniensis
1068 1778 1088 1818 a
1102 1755 1192 1820 dicto
1216 1757 1360 1820 Domino
1378 1755 1497 1820 Locum

449 1863 585 1923 tenente
600 1859 713 1943 magni
735 1857 837 1944 sigilli
851 1857 935 1944 regii
950 1863 1037 1922 terre
1052 1858 1199 1943 predicte
1214 1857 1499 1934 deliberacionem,

450 1959 604 2044 quodque
626 1959 793 2044 predictus
809 1958 973 2023 Dominus
989 1959 1112 2024 Locum
1129 1965 1246 2024 tenens
1268 1957 1499 2044 respondebat,

450 2059 539 2144 quod
571 2081 614 2125 ex
644 2081 710 2144 quo
743 2060 922 2146 occupabat
955 2059 1096 2124 officium
1132 2060 1408 2125 Locumtenencie
1438 2059 1500 2123 sub

451 2160 606 2226 Domino·
632 2161 719 2248 Rege
765 2162 801 2225 in
844 2161 1010 2227 Hibernia
1048 2183 1163 2227 omnes
1208 2161 1382 2226 matterias
1417 2161 1501 2224 tales

449 2265 590 2348 grandes
613 2269 648 2328 et
670 2263 854 2328 effectuales
876 2263 1003 2327 solebat
1025 2284 1100 2329 cum
1123 2263 1329 2328 avisamenta
1363 2261 1501 2328 Consilii

451 2364 547 2450 Regii
562 2371 596 2430 et
611 2386 678 2429 nou
701 2364 799 2430 aliter
813 2369 965 2440 tractare,
991 2370 1026 2428 et
1041 2365 1130 2450 quod
1144 2363 1232 2429 infra
1253 2364 1355 2428 breve
1370 2363 1498 2428 dictum

452 2466 634 2532 Consilium
669 2466 810 2552 Regium
848 2465 1011 2552 disposuit
1044 2465 1088 2530 ad
1122 2487 1157 2530 se
1188 2487 1378 2544 convocare,
1406 2471 1441 2529 et
1470 2465 1499 2528 si

450 2568 611 2654 placuerit
648 2569 708 2654 ipsi
749 2567 893 2631 Domino
930 2565 1185 2652 Archiepiscopo
1211 2567 1426 2631 Dubliniensi
1456 2565 1499 2630 ad

450 2670 532 2735 illud
556 2669 740 2737 Consilium
762 2669 884 2748 venire,
908 2674 944 2734 et
966 2669 1111 2734 voluerit
1133 2668 1349 2734 effectualiter
1381 2675 1500 2733 cuncta

450 2773 608 2858 premissa
638 2793 746 2837 coram
780 2773 850 2856 ipso
885 2775 919 2834 et
950 2771 1038 2835 dicto
1073 2770 1218 2836 Consilio
1251 2771 1430 2846 ostendere,
1463 2770 1500 2833 in

450 2872 540 2938 dicto
565 2873 711 2939 Consilio
734 2893 916 2958 congruum
938 2872 1075 2937 haberet
1104 2893 1306 2958 responsum.
1353 2871 1399 2936 Et
1424 2891 1498 2956 pos-

449 2981 505 3039 tea
527 2975 580 3038 die
604 2973 740 3038 Veneris
762 2979 843 3038 tunc
865 2974 1017 3058 proximo
1033 2979 1199 3059 sequente,
1216 2959 1373 3037 uidelicet
1396 2971 1499 3036 xximo

450 3075 504 3140 die
527 3073 672 3160 ejusdem
699 3075 828 3151 mensis,
851 3075 939 3140 idem
969 3075 1169 3140 venerabilis
1200 3074 1300 3138 Pater
1323 3080 1358 3139 et
1380 3073 1498 3138 Archi-

450 3177 620 3263 episcopus
643 3175 879 3253 Dubliniensis‚
894 3182 933 3241 ut
949 3177 1037 3241 idem
1058 3177 1222 3241 Dominus
1245 3177 1368 3240 Locum
1383 3183 1499 3239 tenens

449 3279 597 3355 asseruit,
620 3279 655 3342 in
678 3277 768 3342 dicta
783 3277 917 3365 Capella
940 3277 1053 3343 Sancti
1076 3277 1099 3342 J
1102 3278 1246 3344 ohannis
1265 3277 1351 3364 apud
1370 3275 1498 3362 Drogh-

448 3380 511 3445 eda
532 3381 569 3443 in
592 3379 725 3466 propria
748 3401 886 3465 persona
900 3400 960 3443 sua
975 3401 1085 3444 coram
1101 3378 1191 3444 dicto
1207 3378 1352 3443 Domino
1375 3377 1497 3442 Locum

449 3487 584 3546 tenente
605 3480 799 3566 comparuit,
815 3480 1023 3565 presentibus
1046 3485 1129 3544 tunc
1150 3480 1275 3544 ibidem
1292 3477 1497 3544 Christoforo

446 3582 648 3658 Bernevalle,
666 3581 809 3666 Capitali
823 3580 847 3645 J
849 3581 1019 3646 usticiario
1036 3580 1172 3646 Domini
1198 3580 1297 3666 Regis
1312 3579 1355 3644 ad
1371 3579 1500 3644 Placita

448 3705 556 3748 coram
590 3683 679 3747 dioto
712 3681 856 3747 Domino
891 3681 981 3767 Rege
1016 3688 1129 3748 nostro
1160 3682 1196 3746 in
1227 3687 1317 3746 terra
1350 3681 1501 3767 predicta

448 3786 599 3861 tenenda,
620 3783 643 3848 J
645 3783 774 3848 ohanne
790 3783 1015 3868 Cornwalysh,
1031 3784 1175 3870 Capitoli
1191 3784 1320 3847 Barone
1336 3782 1499 3848 scaccarii

450 3885 587 3950 Domini
610 3885 709 3972 Regis
731 3890 819 3950 terre
849 3885 1004 3970 predicte,
1027 3887 1062 3950 et
1091 3885 1258 3950 Eduardo
1289 3883 1499 3964 Somertoun,

451 3987 623 4052 Serviente
647 3986 783 4052 Domini
805 3989 912 4052 nostri
928 3986 1030 4074 Regis
1052 3988 1096 4051 ad
1112 3987 1215 4073 Leges
1239 3986 1387 4072 ejusdem
1403 3991 1500 4066 terre,

450 4110 488 4153 ac
515 4089 620 4154 eidem
645 4087 790 4153 Domino
813 4088 935 4154 Locum
966 4090 1094 4154 tenenti
1122 4090 1158 4153 in
1193 4109 1305 4154 eorum
1332 4091 1502 4174 presencia

450 4191 638 4266 declaravit,
656 4190 820 4275 quomodo
836 4188 1001 4256 Dominus
1023 4195 1137 4256 noster
1158 4189 1230 4254 Rex
1254 4212 1296 4254 ex
1314 4192 1425 4278 gracia
1439 4201 1501 4256 sua

449 4291 580 4377 speciali
603 4293 712 4377 ipsum
736 4292 861 4356 dictum
878 4291 1169 4377 Archiepisoopum
1195 4312 1254 4378 per
1276 4290 1392 4356 literas
1417 4313 1496 4358 suas

450 4399 601 4478 patentes
610 4397 697 4458 terre
712 4413 770 4458 sue
785 4393 949 4458 Hibernie
964 4414 1061 4457 suum
1077 4393 1156 4458 fecit
1172 4391 1414 4459 Cancellarium
1432 4418 1440 4474 ;
1455 4399 1500 4476 et,

449 4499 488 4558 ut
497 4495 630 4559 uberius
645 4495 687 4559 ad
702 4493 859 4560 honorem
869 4495 950 4559 dicti
961 4494 1100 4560 Domini
1115 4495 1221 4561 nostri
1234 4494 1344 4582 Regis,
1361 4501 1396 4560 et
1410 4501 1500 4564 torre

449 4617 506 4659 sue
529 4596 688 4660 Hibemie
703 4595 850 4681 predicte
866 4602 901 4660 et
915 4596 1076 4682 ligeorum
1100 4596 1245 4681 ejusdem
1262 4597 1344 4661 dicti
1359 4596 1500 4662 Domini

448 4696 553 4760 nostri
588 4697 687 4782 Regis
718 4697 755 4760 in
786 4702 874 4762 terra
905 4697 1054 4784 predicta
1085 4697 1279 4784 degeneium
1303 4697 1498 4778 utilitatem,
