3570 5770
468 905 533 968 308
901 917 1090 968 arrarum.

468 1097 627 1166 Ricardus
643 1097 737 1184 Drys,
753 1097 924 1166 Jobannes
948 1099 1127 1178 Whitacre,
1144 1099 1344 1166 Willielmus
1368 1099 1526 1200 Wallyse

467 1200 490 1267 J
492 1200 637 1268 ohannes
656 1199 798 1278 Tailcur,
810 1199 834 1265 J
835 1199 957 1266 aeobus
968 1199 1132 1286 Dokerey‚
1156 1199 1312 1287 Superior
1327 1201 1369 1268 de
1386 1199 1516 1288 Kenlya

469 1303 660 1390 Prepositus
680 1301 758 1367 ville
779 1302 820 1368 de
835 1302 985 1388 Athboy,
1001 1302 1195 1389 Propositus
1210 1304 1291 1370 ville
1307 1304 1349 1370 de
1373 1304 1516 1369 Novana

471 1403 659 1492 Propositus
674 1403 753 1470 ville
775 1405 816 1470 de
839 1405 971 1491 Tryme,
988 1411 1022 1470 et
1046 1405 1240 1492 Propositus
1256 1406 1337 1473 ville
1360 1407 1402 1472 de
1426 1405 1532 1470 Naas,

471 1505 660 1574 Declaravit
683 1506 847 1592 quomodo
876 1507 949 1592 jam
984 1507 1150 1584 continue,
1174 1530 1233 1596 per
1265 1513 1335 1574 tres
1360 1528 1466 1574 annos
1493 1511 1528 1572 et

470 1610 568 1692 ultra,
583 1608 768 1676 Officiarius
784 1609 979 1696 Principalis
995 1608 1134 1677 Domini
1148 1611 1255 1677 nostri
1272 1611 1372 1698 Regis
1387 1611 1424 1676 in
1440 1615 1529 1676 terra

471 1733 532 1780 sna
553 1712 704 1800 predicta
725 1712 830 1790 stetit,
854 1712 1012 1778 videlicet
1043 1735 1100 1799 per
1130 1735 1235 1780 unum
1266 1735 1393 1780 annum
1416 1712 1527 1799 Depu-

471 1819 564 1881 tatus
588 1813 726 1880 Domini
755 1813 797 1880 de
821 1813 943 1879 Welles
965 1818 1048 1880 tunc
1070 1815 1193 1882 Locum
1216 1817 1362 1882 tenentis
1392 1813 1527 1881 Domini

472 1917 578 1984 nostri
607 1917 708 2004 Regis
739 1917 774 1982 in
808 1917 923 1982 eadem
947 1923 1045 1994 terra,
1069 1922 1103 1983 et
1124 1919 1335 2004 postmodum
1359 1939 1418 2005 per
1447 1916 1528 1982 duos

471 2041 575 2084 annos
597 2017 797 2106 etamplius
820 2019 945 2085 Locum
973 2023 1089 2084 tenens
1120 2018 1259 2086 Domini
1292 2020 1399 2086 nostri
1431 2018 1529 2104 Regis

471 2121 620 2208 ejusdem
641 2126 736 2188 terre.
782 2121 828 2187 Et
850 2121 986 2207 insuper
1008 2121 1191 2188 declaravit
1212 2121 1377 2209 quomodo
1400 2120 1528 2208 placuit

472 2225 661 2292 eelsitudini
675 2225 765 2311 regie
787 2246 847 2311 per
864 2224 994 2290 Literas
1010 2229 1045 2291 et
1062 2224 1168 2290 Breve
1191 2225 1232 2290 de
1248 2224 1367 2312 Sigillo
1391 2225 1527 2305 Privato

471 2350 532 2394 suo
553 2349 683 2394 necnon
704 2349 762 2413 per
785 2332 909 2393 certam
931 2327 1135 2393 credentiam
1158 2327 1358 2394 verbotenus
1374 2349 1418 2393 ex
1433 2327 1527 2394 corde

471 2453 530 2519 per
540 2429 706 2517 quendam
718 2429 903 2496 Robertum
915 2429 1074 2509 Manteld,
1086 2429 1306 2517 Armigerum,
1319 2430 1526 2496 Hostiarium

474 2533 610 2602 Camere
636 2554 702 2612 sue,
727 2536 765 2597 ut
780 2533 931 2610 asseruit,
950 2536 1033 2598 tunc
1056 2532 1182 2599 ibidem
1202 2537 1397 2618 presentem,
1421 2532 1527 2598 eide'nr

474 2635 672 2703 demandare
694 2635 736 2699 de
760 2635 896 2700 essendo
918 2655 1031 2701 coram
1056 2640 1169 2700 nostro
1193 2634 1340 2702 Domino
1370 2635 1463 2722 Rege
1491 2635 1526 2699 in

474 2739 598 2828 Anglia
621 2759 696 2804 cum
711 2737 803 2802 omni
818 2736 1041 2815 festinacione,
1058 2736 1273 2804 excusacione
1289 2737 1440 2824 qualibet
1462 2757 1528 2803 cea·

474 2849 579 2921 sante,
594 2840 885 2907 nonobstantibus
900 2839 1154 2926 quibuscunque
1168 2839 1323 2927 periculis
1333 2861 1527 2926 guerrarum

475 2943 732 3010 Hibernicerum
744 2949 894 3031 tempore
909 2943 1042 3010 estivali
1056 2944 1154 3009 solite
1178 2943 1455 3030 contingencium,
1472 2964 1527 3009 seu

474 3047 623 3135 graviter
638 3045 846 3123 instanciam,
864 3047 922 3134 [ed
936 3045 1198 3112 destruccionem
1213 3048 1411 3134 granorum]
1428 3047 1527 3134 ligeo-

475 3170 550 3213 rum
566 3147 647 3214 dicti
661 3147 798 3214 Domini
814 3148 915 3236 Regis
929 3151 1017 3214 terre
1032 3149 1180 3236 predicte
1195 3149 1232 3214 in
1247 3154 1435 3236 autumpno
1456 3149 1526 3236 jam

476 3272 575 3339 prope
600 3257 741 3318 venturo
762 3251 1060 3338 recolligendorum
1082 3256 1118 3318 et
1140 3252 1415 3330 horriandorum;
1440 3251 1529 3318 unde

475 3354 608 3442 rogavit
620 3375 732 3420 omnes
740 3353 902 3422 Dominos
912 3353 1109 3441 Spirituales
1118 3360 1154 3421 et
1164 3356 1381 3442 Temporales,
1395 3355 1527 3434 Milites

476 3459 666 3545 Armigeros
677 3462 712 3521 et
723 3457 885 3537 ProcereS‚
902 3477 1031 3523 necnon
1043 3457 1141 3524 Cives
1157 3462 1191 3523 st
1203 3459 1388 3546 Burgenses
1403 3457 1528 3546 predio·

476 3567 538 3638 tos,
555 3565 595 3625 nt
609 3559 673 3648 ipsi
689 3559 893 3625 declararent
908 3559 937 3624 si
959 3559 1030 3646 ipse
1044 3558 1134 3626 dicto
1150 3566 1305 3647 tempore,
1322 3583 1388 3648 quo
1410 3562 1480 3648 ipse
1494 3562 1529 3626 in

477 3662 565 3729 dicto
582 3663 686 3730 officio
701 3662 807 3742 stetit,
823 3661 969 3748 aliquam
984 3662 1209 3728 extorcionem
1224 3661 1324 3730 alicui
1340 3663 1428 3752 ligae
1443 3669 1528 3730 terre

480 3765 640 3832 Hibernis
662 3765 808 3852 predicte
830 3765 867 3829 in
889 3765 1046 3852 personis,
1068 3764 1173 3849 bonis,
1196 3766 1333 3848 catallis,
1352 3769 1451 3833 terris
1471 3772 1531 3834 aut

477 3867 678 3935 tenementis
692 3867 771 3932 fecit
785 3889 794 3948 ς
809 3867 864 3933 vel
886 3867 915 3931 si
937 3867 1060 3954 populo
1075 3867 1162 3955 ligeo
1177 3868 1313 3936 Domini
1329 3870 1430 3958 Regis
1444 3879 1530 3937 terre

477 3971 626 4061 predicte
647 3968 750 4036 fuerit
764 3969 974 4050 necessarius,
993 3971 1062 4055 [ut]
1076 3992 1184 4036 coram
1201 3971 1289 4038 dieto
1306 3971 1453 4040 Roberto
1476 3973 1530 4039 de·

477 4076 648 4141 clarerent.
695 4072 783 4138 Item
799 4072 887 4157 quod
902 4071 1025 4158 prefati
1033 4071 1179 4154 Domini,
1196 4072 1364 4156 Generosi,
1382 4075 1481 4142 Cives
1496 4083 1530 4144 et

479 4179 665 4264 Burgenses
692 4173 897 4240 declararent
920 4173 1041 4260 quibus
1066 4175 1166 4242 modo
1188 4181 1223 4242 et
1244 4175 1351 4242 forma
1376 4179 1447 4264 ipse
1469 4179 1531 4244 Lo·

478 4301 553 4348 cum
568 4285 685 4343 tenens
708 4275 815 4341 indies
835 4275 967 4341 laborat
992 4280 1027 4342 et
1041 4277 1208 4344 laboravit
1222 4279 1296 4344 istis
1311 4279 1419 4345 tribus
1434 4281 1531 4347 annia

478 4388 513 4450 et
539 4381 681 4467 amplius
704 4378 742 4442 in
769 4377 907 4444 servicio
931 4377 1067 4446 Domini
1093 4379 1203 4468 Regis,
1227 4387 1262 4448 et
1286 4402 1416 4448 omnem
1443 4383 1530 4449 solu·

478 4486 603 4550 cionem
626 4505 647 4547 a
668 4479 811 4546 Domino
835 4480 925 4567 Rege
947 4503 1006 4568 pro
1029 4481 1178 4549 custodia
1200 4487 1286 4549 terre
1308 4483 1454 4570 predicte
1480 4507 1529 4552 re·

477 4592 615 4674 ceptam
648 4589 683 4650 et
716 4583 744 4649 si
778 4583 912 4670 propria
937 4584 1026 4650 bona
1058 4585 1147 4650 ultra
1178 4584 1278 4673 Regis
1298 4587 1466 4674 stipendia
1495 4593 1530 4654 et

477 4687 625 4755 subsidia
646 4707 704 4774 per
730 4685 929 4752 Communes
955 4692 1041 4753 terre
1067 4687 1213 4774 predicte
1243 4689 1308 4754 sibi
1330 4711 1373 4756 ex
1395 4711 1530 4758 amensa

478 4791 695 4856 Dominorum
725 4787 958 4876 Spiritualium
988 4795 1023 4856 et
1052 4790 1293 4878 Temporalium
1316 4791 1422 4858 eidem
1453 4815 1547 4860 con··
