3570 5770
775 903 960 953 menumx.
1328 885 1395 957 327

343 1086 485 1154 officium
515 1088 713 1174 quibusdam
746 1089 787 1155 de
821 1090 927 1155 causis
958 1109 1067 1154 coram
1097 1089 1293 1156 Justiciario
1328 1087 1391 1154 Hi·
1507 1119 1520 1146 s

342 1188 456 1256 bernie
478 1190 617 1257 ostensis
638 1195 815 1256 revocarat
862 1190 908 1256 Le
930 1189 1031 1271 Naas,
1055 1194 1100 1257 22
1122 1190 1277 1279 Augusti

256 1341 267 1348 -
388 1295 439 1360 30.
464 1292 537 1358 Rex
559 1292 723 1379 Philippo,
747 1293 816 1358 filio
846 1292 1020 1359 Willielmi
1049 1295 1091 1360 de
1118 1292 1233 1380 Bur-ry,
1264 1298 1299 1359 et
1328 1293 1390 1358 Pa·

341 1393 420 1460 ticio
443 1393 555 1480 Galvy
576 1395 617 1460 de
641 1394 792 1481 Kynsele
816 1396 830 1480 [
1103 1397 1117 1482 ]
1141 1395 1280 1461 mendat
1302 1394 1392 1481 quod

341 1495 513 1561 Andream
536 1497 637 1562 Baret
658 1497 800 1561 felonem
822 1499 857 1562 et
878 1496 1033 1562 rebellem
1057 1497 1071 1581 [
1217 1496 1392 1581 custodiri]

340 1595 474 1676 faciant,
497 1597 547 1662 ite
577 1598 664 1683 quod
690 1619 711 1664 a
740 1599 874 1684 prisona
903 1603 999 1664 extra
1024 1598 1208 1664 custodiam
1230 1599 1391 1686 [ipsorum

340 1717 408 1763 non
431 1700 567 1784 evadet]
591 1701 715 1785 absque
736 1701 894 1766 mandato
924 1700 1065 1788 speciali.
1109 1699 1337 1779 Ardebreken,
1370 1700 1389 1763 5

341 1797 552 1887 Septembris.
607 1801 671 1867 Per
698 1802 814 1867 literas
839 1803 943 1890 ipsius
965 1801 1152 1868 Justiciarii
1186 1803 1227 1869 de
1258 1803 1390 1889 privato

340 1903 458 1990 sigillo.

386 2007 437 2071 31.
461 2004 535 2070 Rex
558 2005 678 2092 Majori
700 2013 735 2071 et
755 2006 896 2072 Ballivis
913 2007 1060 2073 civitatis
1077 2007 1231 2074 Dublinii
1253 2009 1391 2073 mandat

340 2105 429 2191 quod
450 2106 586 2172 assisam
609 2128 717 2173 coram
747 2108 829 2195 ipsis
859 2109 946 2174 inter
976 2107 1166 2175 Johannem
1198 2110 1391 2175 Herdeman

340 2211 375 2272 et
391 2207 612 2295 Mergaretam
627 2231 764 2276 uxorem
780 2211 851 2296 ejus
873 2232 912 2277 ao
926 2209 1113 2277 Walterum
1128 2212 1335 2278 Passavaunt
1355 2216 1390 2278 et

212 2368 216 2374 .
339 2309 422 2375 alios
443 2309 502 2399 (de
525 2314 543 2375 1
568 2315 642 2376 orto
665 2316 782 2378 vocato
805 2312 969 2392 Lutburn,
993 2315 1029 2377 in
1052 2313 1219 2380 suburbiis
1241 2313 1389 2380 civitatis

339 2411 493 2498 predicte,
518 2413 555 2476 in
577 2413 732 2499 parochia
761 2413 877 2480 Sancti
899 2415 1069 2503 Audoeni)
1092 2419 1279 2502 prorogent,
1311 2415 1390 2501 quia

338 2513 505 2598 predictus
527 2513 697 2581 Walterus
721 2517 844 2581 electus
867 2521 917 2581 est
940 2518 1079 2582 nuncius
1111 2518 1155 2582 ad
1184 2516 1388 2605 proficiscen-

340 2615 418 2680 dum
440 2615 478 2680 in
499 2615 658 2703 Angliam
681 2618 722 2684 de
745 2618 888 2705 negociis
911 2617 1058 2705 publicis
1106 2618 1121 2705 [
1362 2619 1390 2708 ],

340 2719 358 2780 5
383 2715 594 2803 Septembris

384 2819 435 2882 32.
459 2817 612 2884 Liberale
628 2818 773 2886 Roberto
789 2820 1022 2909 Lughtburgh‚
1040 2820 1184 2909 Capitoli
1200 2821 1388 2888 Camerario

338 2917 507 2998 Scaocerii,
530 2925 635 2987 certas
666 2943 811 2988 summas
841 2927 1027 2989 retornatas
1049 2924 1170 2990 siesse
1191 2947 1212 2990 a
1235 2927 1324 2990 retro
1347 2925 1389 2990 de

338 3020 432 3086 feodo
455 3028 489 3087 et
511 3021 660 3088 rewardo
682 3023 764 3088 dicti
786 3022 890 3090 officii
935 3024 982 3090 Le
997 3025 1096 3103 Naes,
1116 3028 1156 3091 15
1174 3025 1387 3113 Septembris.

383 3125 435 3188 33.
458 3122 533 3187 Rex
556 3123 713 3208 (recitans
734 3129 943 3207 monstrasse,
959 3148 1018 3213 per
1032 3127 1229 3214 petitionem
1242 3127 1388 3194 Consilio

338 3223 530 3304 exhibitam,
546 3223 732 3308 Geraldum,
749 3225 913 3293 Comitem
936 3227 1106 3314 Kyldarie‚
1123 3230 1306 3294 firmarium
1325 3229 1389 3295 Re

336 3327 388 3412 gis
410 3325 558 3392 omnium
578 3333 741 3393 terramm
764 3334 799 3394 et
820 3333 1086 3394 tenementorum
1110 3332 1147 3394 in
1172 3332 1388 3416 Belymedan,

336 3429 373 3493 in
404 3429 575 3496 Comitatu
601 3430 772 3516 Kyldarie,
801 3431 926 3497 dictam
955 3431 1071 3497 villam
1101 3455 1160 3520 per
1190 3433 1388 3501 Hibernicos

336 3532 488 3598 inimicos
505 3533 621 3598 taliter
642 3538 694 3599 est
716 3533 931 3615 combustam,
950 3539 985 3600 et
1010 3539 1162 3602 tenentes
1184 3536 1310 3603 ibidem
1328 3559 1388 3624 per

336 3635 565 3722 spoliationem
595 3634 758 3702 bonorum
783 3657 918 3702 suorum
948 3637 986 3702 in
1014 3643 1112 3704 tanto
1139 3639 1386 3727 depauperatos,

336 3737 425 3824 quod
450 3737 566 3803 villam
596 3738 778 3823 predictam
808 3739 993 3824 relinquere
1023 3741 1203 3807 intendant
1237 3742 1303 3808 nisi
1339 3744 1386 3809 eis

336 3838 568 3926 subveniatur)
585 3839 726 3906 mandat
740 3841 956 3908 Theseurario
976 3842 1065 3927 quod
1079 3843 1205 3910 dictum
1222 3843 1385 3911 Comitem

336 3947 371 4008 et
401 3945 553 4008 tenentes
587 3942 628 4007 de
665 3941 853 4008 redditibus
883 3949 918 4010 et
955 3944 1053 4010 firma
1087 3945 1177 4012 dicte
1210 3946 1291 4012 ville
1327 3971 1386 4035 per

336 4048 356 4110 3
383 4065 488 4109 annos
513 4044 684 4109 exonerari
707 4043 817 4110 faciat
862 4045 908 4110 Le
936 4045 1036 4124 Naue,
1066 4049 1109 4114 13
1135 4047 1347 4136 Septembris.

381 4149 433 4213 34.
457 4145 531 4211 Rex
546 4146 669 4212 eisdem
693 4146 858 4230 (recitans,
881 4149 970 4233 quod
992 4151 1193 4217 monstravit
1221 4173 1281 4238 per
1301 4153 1385 4239 peti-

338 4250 463 4314 cionem
490 4269 584 4313 suam
606 4246 630 4312 J
632 4248 801 4313 usticisrio
827 4255 862 4315 et
895 4248 1040 4316 Consilio
1066 4251 1226 4339 Magister
1247 4252 1386 4320 Williel-

338 4372 410 4416 mus
426 4349 622 4427 Ohaumbre,
637 4349 789 4415 Decanus
813 4349 927 4417 Sancti
946 4351 1081 4417 Petrlcii
1102 4353 1264 4435 Dublinfi,
1281 4376 1386 4443 nuper

336 4451 599 4518 Archidiaconus
636 4451 863 4532 Dublinensis,
901 4475 989 4519 unus
1027 4459 1276 4540 procuratorum
1315 4480 1383 4524 ms-

335 4555 431 4643 gistri
448 4551 636 4638 Laudulphi
651 4553 745 4618 tituli
768 4552 882 4620 Senoti
905 4554 1059 4621 Nicbolei
1080 4554 1266 4624 Cardinalis
1286 4557 1385 4628 Ourie

336 4659 493 4733 Romane,
522 4676 629 4741 nuper
651 4655 778 4721 Decani
803 4655 950 4743 ejusdem
976 4657 1117 4736 ecclesie,
1141 4665 1182 4724 ut
1210 4681 1286 4726 cum
1310 4685 1385 4749 pre·

336 4761 418 4826 dicti
449 4756 634 4825 Cardinalis
665 4762 699 4822 et
723 4757 922 4824 Willielmus
951 4757 1109 4826 beneficia
1135 4761 1284 4845 predicta
1313 4787 1382 4852 per·
