3570 5770
385 829 451 894 326
835 839 1021 889 1111111111.

430 1029 482 1092 24.
505 1025 592 1092 Item
614 1025 656 1091 de
680 1027 786 1092 morte
810 1024 952 1090 Davidis
968 1025 1084 1111 Borry,
1102 1023 1231 1102 Militis,
1251 1023 1309 1110 qui
1325 1023 1437 1090 tenuit

383 1128 544 1194 similiter.

429 1233 483 1296 25.
508 1229 597 1297 Item
618 1229 660 1295 de
683 1233 790 1296 morte
813 1229 954 1295 Roberti
977 1228 1115 1316 Kerdyl,
1131 1229 1190 1316 qui
1211 1229 1324 1296 tenuit
1345 1227 1435 1293 simi-

381 1332 467 1398 liter.
511 1329 724 1412 Ardbraken,
741 1333 783 1396 12
799 1329 963 1396 Octobris.

427 1435 479 1501 26.
503 1433 577 1500 Rex
599 1432 725 1499 Thome
748 1432 824 1519 Pyk
846 1433 888 1498 de
904 1431 1041 1520 Yoghill
1055 1431 1214 1518 (recitans
1236 1435 1434 1508 monstrasse

381 1557 439 1624 per
461 1536 659 1624 petitionem
692 1555 786 1600 suam
816 1533 1011 1600 Justiciario
1034 1538 1070 1600 et
1092 1533 1242 1602 Concilio
1273 1531 1435 1599 Hibcmie

383 1637 597 1703 Willielmum
621 1635 770 1716 Moriere,
799 1633 953 1714 Militem,
978 1640 1013 1701 11
1036 1633 1266 1702 Christianam
1295 1655 1434 1700 uxorem

380 1739 459 1826 ejus,
473 1743 509 1806 et
527 1738 551 1804 J
553 1738 718 1804 ohannem
740 1736 866 1818 Duket,
889 1740 925 1803 et
948 1736 1172 1823 Margaretam
1194 1757 1332 1804 uxorem
1352 1736 1433 1822 ejus,

380 1841 467 1927 quod
504 1861 578 1906 cum
613 1838 814 1905 Willielmus
836 1839 878 1904 de
901 1838 1119 1925 Wyndesore‚
1157 1839 1263 1920 Miles,
1302 1837 1435 1905 seisitus

379 1943 445 2009 fuit
474 1947 513 2007 ut
543 1942 586 2007 de
611 1941 708 2008 feodo
735 1940 986 2025 (1111111111
1017 1940 1059 2008 de
1086 1940 1314 2028 Inchecoigne,
1345 1939 1432 2026 quod

378 2043 420 2110 de
436 2043 525 2129 Rege
539 2045 674 2108 tenetur
688 2043 724 2107 in
740 2042 858 2129 capite,
873 2042 964 2109 etde
980 2043 1001 2127 ᾖ
1017 2041 1255 2130 burgagiorum
1277 2041 1433 2108 villarum

381 2144 421 2211 de
444 2143 583 2232 Yoghill
604 2149 639 2210 11
662 2144 814 2230 Kyneale
838 2145 852 2229 [
1153 2144 1178 2231 ],
1199 2145 1237 2208 in
1260 2143 1432 2210 Oomitatu

381 2244 609 2322 Waterfordie,
624 2251 785 2333 tanquam
807 2245 958 2332 percellis
980 2245 1121 2310 manerii
1141 2245 1289 2332 predicti,
1305 2267 1432 2312 necnon

381 2347 422 2413 de
448 2346 611 2434 homagiis
641 2353 676 2413 et
706 2347 854 2413 serviciis
883 2347 1064 2413 liberorum
1094 2347 1433 2433 1111111111ᾱίπί

381 2450 528 2526 manerii,
541 2470 680 2533 cumque
695 2453 771 2536 post
788 2453 930 2515 mortem
946 2449 1028 2514 dicti
1044 2448 1217 2516 Williclmi
1231 2449 1273 2515 (11
1288 2449 1434 2535 Wyndc-

381 2573 453 2618 sore
474 2555 642 2638 repertum
672 2550 738 2617 fuit
767 2571 828 2638 per
856 2551 1109 2637 inquisitionem
1139 2572 1237 2640 super
1261 2553 1362 2619 breve
1391 2551 1432 2616 de

381 2654 480 2720 Diem
512 2652 632 2719 clausit
662 2657 858 2730 extremum,
889 2652 979 2738 quod
1009 2652 1156 2740 predicte
1187 2652 1355 2720 Oristiana
1383 2653 1432 2738 [et

382 2754 585 2842 Margarete]
609 2753 858 2842 propinquiores
882 2755 977 2841 [sunt
996 2753 1148 2841 heredes]
1165 2754 1248 2820 dicti
1262 2753 1432 2820 Willielmi

382 2858 422 2922 de
446 2855 660 2942 Wyndcsore,
684 2860 718 2920 et
744 2855 841 2942 plene
872 2855 980 2936 etatis,
1011 2855 1119 2922 dictus
1149 2861 1262 2922 tamen
1292 2855 1431 2921 Thomas

384 2958 460 3044 Pyk
482 2957 594 3023 omnia
615 2956 774 3035 redditus,
796 2956 915 3035 exitus,
939 2962 974 3023 11
998 2957 1013 3044 [
1244 2959 1259 3046 ]
1282 2957 1431 3046 levavit),

382 3059 519 3124 mandat
540 3056 629 3145 quod
652 3057 692 3122 de
715 3062 823 3126 cetero
845 3058 1038 3124 nullatenus
1062 3058 1279 3126 intromittet
1338 3059 1431 3125 Dula

382 3160 465 3237 licii,
488 3163 509 3224 8
532 3158 686 3246 Augusti.

427 3263 480 3332 27.
503 3262 577 3327 Rex
599 3260 793 3328 Vicccomiti
816 3260 1039 3328 Waterfordie
1065 3263 1206 3350 precipit
1229 3263 1318 3350 quod
1342 3263 1433 3349 (quia

382 3364 478 3430 Prior
507 3362 622 3430 Sancti
660 3361 826 3428 Johcnnie
864 3362 1050 3430 Jerusalem
1088 3367 1122 3430 et
1159 3364 1262 3431 frater
1291 3364 1433 3432 Thomas

382 3467 396 3553 [
601 3467 625 3551 ],
649 3463 809 3552 Magister
831 3465 873 3532 de
896 3465 1078 3552 Kylberry,
1100 3465 1301 3534 invenenmt
1323 3489 1431 3534 eornm

381 3567 573 3635 Justiciario
584 3565 746 3632 Hibernis
756 3567 964 3633 securitatem
975 3567 1049 3654 [pro
1059 3567 1226 3655 habendo]
1236 3567 1432 3647 iohannem,

380 3671 487 3736 fflium
503 3669 642 3736 Roberti
661 3668 885 3756 Prendirgast,
906 3669 948 3735 (11
970 3669 1142 3736 Comitatu
1157 3669 1373 3757 Weyslordie,
1388 3673 1431 3738 ed

381 3771 645 3860 respondendum
672 3771 821 3858 Regide
844 3771 983 3857 2111111
1006 3792 1089 3857 quos
1110 3771 1220 3838 dictus
1244 3773 1432 3841 Vicecomes

381 3896 488 3962 nuper
510 3873 620 3960 cepit),
642 3871 684 3938 de
706 3876 816 3940 cetero
840 3873 1272 3942 11111111111111111811

428 3980 478 4043 28.
510 3975 584 4042 Rex
613 3975 808 4042 Vicecomiti
838 3975 1034 4062 Kylkennie
1063 3977 1203 4064 precipit
1228 3979 1317 4063 quod
1342 3980 1433 4066 (quia

382 4078 456 4144 Rex
476 4076 662 4164 assignavit
676 4077 878 4156 Alexandro,
895 4077 1057 4165 Episcopo
1073 4077 1226 4160 Midenei,
1239 4079 1432 4148 Justiciario

383 4178 554 4258 Hibernis,
579 4180 644 4258 40⁸,
667 4178 706 4242 in
728 4178 850 4264 quibus
880 4178 1047 4245 Hernicus
1062 4179 1195 4258 Amher,
1218 4202 1326 4268 nuper
1355 4183 1433 4250 Pre-

382 4281 509 4368 positue
542 4279 621 4344 ville
650 4280 807 4366 predicte,
841 4281 877 4344 in
910 4281 1079 4346 Scaccario
1110 4283 1308 4350 amerciatus
1337 4289 1431 4373 erat),

381 4381 542 4447 levacioni
565 4401 677 4446 eorum
699 4383 957 4469 supersedeatur.
1001 4382 1261 4465 liisteldermot,
1281 4389 1324 4452 28
1339 4387 1432 4454 Julii.

428 4485 479 4549 29.
504 4483 577 4547 Rex
599 4481 761 4550 Nicholao
784 4483 883 4550 Taaff
900 4490 935 4550 11
959 4485 1099 4552 Ricardo
1122 4485 1282 4575 Laundey
1297 4491 1434 4556 mandet

383 4585 472 4669 quod
494 4585 535 4650 dc
558 4583 664 4651 officio
687 4584 877 4652 Justiciarii
908 4586 1144 4674 Operariorum
1174 4590 1238 4670 ue,
1262 4591 1304 4657 do
1326 4597 1433 4658 cetero

384 4706 450 4752 non
473 4706 507 4751 se
529 4685 770 4767 intromittant,
797 4689 878 4775 quia
907 4693 1060 4776 patentes
1090 4712 1203 4756 eorum
1233 4693 1276 4758 ad
1307 4693 1432 4761 dictum
