3570 5770
753 889 938 939 arrarum.
1307 867 1368 942 30'1

325 1077 472 1160 tempore
495 1074 616 1140 nobilis
638 1075 775 1140 Domini
796 1074 961 1141 Johannis
984 1073 1142 1155 socom,
1166 1076 1304 1141 Batonis
1335 1079 1375 1142 de

326 1173 467 1263 Dudley,
484 1181 565 1241 tunc
581 1175 705 1240 Locum
728 1176 875 1241 tenentis
892 1175 1027 1240 Domini
1049 1177 1155 1242 nostri
1171 1179 1271 1264 Regis
1287 1185 1374 1244 terre

324 1297 382 1342 sue
413 1279 569 1364 predicte,
591 1279 663 1364 ipso
696 1279 839 1343 Ricardo
873 1277 1126 1364 Arohiepiscopo
1156 1279 1374 1347 Dubliniense

328 1376 464 1443 Domini
490 1380 592 1466 Regis
631 1379 778 1467 predicte
825 1385 911 1443 terre
947 1400 1005 1444 suc
1040 1380 1143 1446 tunc¹
1171 1381 1375 1448 Cancellario

327 1480 498 1560 existente,
526 1481 613 1567 quod
646 1481 787 1565 privatis
817 1478 935 1566 sigillis
964 1480 1046 1545 dicti
1078 1483 1199 1547 Locum
1221 1486 1376 1566 tenentis,

327 1582 369 1646 ob
391 1583 574 1648 utilitatem
610 1589 697 1646 terre
729 1581 876 1666 predicte
907 1581 972 1646 sibi
1003 1585 1215 1660 transmissis,
1239 1585 1376 1651 minime

327 1684 581 1770 obtemperavit,
612 1705 692 1769 ymo
718 1704 871 1769 expresse
905 1683 1116 1761 contradixit,
1151 1690 1186 1749 et
1212 1687 1376 1771 quomodo

325 1805 400 1850 cum
416 1786 503 1851 idem
519 1786 605 1849 Baro
620 1791 655 1850 et
671 1784 795 1849 Locum
810 1789 928 1849 teneus
943 1784 1059 1849 volens
1074 1807 1094 1849 a
1109 1791 1200 1851 terra
1215 1787 1375 1855 Hibernia

325 1887 474 1972 predicta
490 1885 660 1951 'declinare
684 1891 719 1951 et
748 1885 784 1949 in
813 1885 970 1970 Angliam
999 1885 1116 1964 redire,
1142 1885 1229 1972 [et‚]·
1247 1889 1373 1956 virtute

326 1989 497 2054 literarum
524 1988 607 2052 dicti
630 1987 767 2052 Domini
792 1987 892 2073 Regis
925 1989 1114 2073 patentium
1146 2011 1204 2055 sue
1236 1992 1376 2057 Locum·

324 2091 485 2169 tenencie,
509 2091 545 2153 in
568 2111 629 2153 sua
644 2089 799 2154 absencia
813 2088 850 2152 in
873 2094 963 2153 terra
988 2089 1138 2175 predicta
1153 2113 1250 2156 suum
1271 2092 1377 2159 facere

328 2190 544 2277 Deputatum,
560 2191 714 2275 dictoque
727 2189 870 2254 Rioardo
887 2189 1100 2256 Dubliniensi
1115 2191 1376 2282 Archiepiscopo,

207 2293 210 2300 ’
327 2299 415 2370 tunc,
448 2298 488 2357 ut
519 2291 710 2379 predicitur,
737 2290 875 2356 Domini
908 2292 1009 2378 Regis
1040 2293 1077 2357 in
1108 2299 1197 2358 terra
1230 2297 1378 2382 predicta

328 2394 540 2473 Cancellario,
563 2393 626 2458 sub
657 2393 789 2478 privato
822 2392 931 2478 sigillo
963 2415 1022 2458 suo
1049 2395 1181 2481 scripsit
1203 2419 1241 2462 ac
1270 2399 1377 2463 eidem

328 2495 509 2576 mandavit,
548 2501 588 2560 ut
626 2501 716 2560 certo
753 2494 886 2559 domino
923 2501 1010 2560 terre
1048 2497 1195 2583 predicte
1228 2501 1305 2564 utili
1342 2508 1378 2566 et

327 2595 508 2662 necessario
541 2596 656 2662 literas
689 2600 852 2681 patentes,
885 2596 947 2661 eub
981 2597 1089 2682 sigillo
1128 2599 1209 2664 dicti
1241 2601 1377 2668 Domini

328 2697 429 2784 Regis
452 2703 538 2763 terre
560 2718 618 2762 sue
640 2696 794 2783 predicte,
817 2717 875 2762 sue
898 2697 1134 2782 depressionis,
1158 2701 1230 2765 fieri
1253 2703 1377 2769 faceret

328 2807 363 2864 et
384 2799 541 2885 sigillari;
565 2799 654 2884 quod
683 2797 787 2862 facere
807 2799 1104 2885 contemptibiliter
1126 2804 1300 2882 recusavit,
1317 2826 1377 2870 nec

277 2889 281 2897 ’
327 2902 459 2987 privato
482 2901 591 2986 sigillo
613 2899 842 2985 deputaoionis
865 2899 1006 2986 alicujus
1028 2903 1064 2966 in
1087 2902 1149 2968 hac
1178 2911 1272 2990 parte
1303 2907 1377 2972 obe-

329 3003 398 3067 dire
419 3002 537 3078 voluit,
560 3022 728 3087 quousque
751 3001 838 3066 idem
874 3001 997 3067 Locum
1031 3007 1147 3070 tenens
1177 3009 1378 3075 consentiret

329 3104 487 3190 deputare
509 3102 715 3168 nominatum
747 3124 805 3188 per
834 3103 943 3188 ipsum
966 3104 1255 3194 Archiepiscopum
1286 3109 1379 3177 Dub-

329 3205 521 3271 linicneem:
573 3209 608 3269 et
640 3204 804 3288 quomodo
836 3203 977 3269 diversis
1019 3209 1223 3293 temporibus
1264 3213 1375 3291 eciam,

331 3307 454 3372 Locum
476 3311 611 3371 tenente
643 3304 697 3369 vel
731 3305 801 3396 ejus
828 3305 999 3390 Deputato
1025 3308 1229 3391 inconsultis,
1260 3334 1377 3378 reven-

329 3408 437 3472 ciones
452 3406 590 3471 Domini
605 3404 705 3492 Regis
721 3411 806 3470 terre
823 3426 881 3469 sue
903 3407 1049 3490 predicte
1072 3408 1134 3473 sub
1156 3410 1264 3496 sigillo
1287 3416 1377 3501 regio

329 3509 475 3593 ejusdem
497 3513 584 3573 terre
607 3528 665 3571 suc
688 3507 909 3585 alienavisset,
934 3507 970 3570 ni
986 3512 1067 3572 tunc
1082 3510 1207 3575 dictum
1231 3513 1376 3599 sigillum

329 3612 456 3696 regium
490 3610 599 3674 dictus
632 3606 856 3673 Cancellarius
888 3609 1025 3672 Domini
1062 3610 1164 3697 Regis
1197 3619 1284 3678 terre
1321 3639 1378 3682 suc

329 3708 497 3797 predicte⁹
520 3711 563 3776 ob
586 3730 680 3774 suam
702 3709 868 3795 privatam
890 3709 1072 3776 utilitatem
1093 3713 1107 3796 [
1131 3763 1358 3782 ........
1363 3718 1376 3803 ]

330 3812 589 3900 impignoravit3
628 3833 688 3876 nec
721 3832 789 3876 non
816 3809 997 3897 populum8
1039 3813 1082 3876 ad
1121 3813 1190 3879 loca
1216 3816 1375 3884 cedioiosa

329 3935 438 3980 coram
460 3935 499 3979 co
521 3909 805 3998 compositurum4
827 3917 942 3977 contra
971 3913 1020 3977 rei
1043 3913 1172 3999 publice
1195 3921 1282 3982 terre
1304 3940 1377 4004 pre-

329 4016 417 4081 dicte
440 4015 625 4080 utilitatem
647 4013 777 4078 vicibus
800 4013 941 4078 diversis
964 4034 1023 4098 per
1044 4013 1161 4080 brevia
1182 4017 1244 4082 sub
1267 4020 1377 4106 sigillo

330 4119 421 4204 regio
443 4117 591 4203 predicto
621 4116 700 4181 fecit
723 4115 854 4180 vocari:
887 4119 922 4180 et
944 4116 1108 4199 quomodo
1133 4118 1234 4183 eciam
1262 4127 1378 4207 postea

329 4239 402 4284 cum
426 4218 566 4283 diversis
589 4217 778 4282 Hibernicis
809 4215 953 4281 inimicis
976 4216 1113 4282 Domini
1143 4222 1251 4285 nostri
1278 4223 1377 4310 Regis

330 4327 446 4386 contra
461 4327 589 4386 statuta
602 4319 680 4383 inde
695 4318 815 4404 edita[
840 4369 969 4384 .....
994 4319 1108 4403 ]fecit‚
1124 4321 1186 4407 [et]
1196 4321 1377 4390 Dominum

329 4461 366 4468 ,-,,
543 4461 576 4466 .,-
590 4461 605 4465 -
774 4458 1012 4465 --——---
1018 4460 1107 4466 —-—-
1147 4462 1159 4466 -
1172 4462 1179 4466 .
1186 4462 1288 4470 -ψ,
1301 4467 1310 4470 -
1317 4465 1354 4470 -.-

365 4527 372 4558 ¹
384 4527 520 4578 Thisword
529 4526 551 4575 is
559 4522 833 4575 interlinedintheMS.
905 4523 979 4574 ³'llre
986 4525 1090 4573 words“
1097 4524 1200 4576 dicaris
1207 4529 1375 4592 temporibus”

367 4606 461 4656 ²Alter
483 4604 534 4654 this
550 4605 619 4654 word
640 4603 683 4652 the
705 4603 762 4654 MS.
785 4602 832 4650 hes
873 4617 916 4653 ere
928 4603 1013 4652 struck
1025 4611 1069 4651 out
1080 4603 1139 4654 here
1150 4605 1176 4653 in
1187 4606 1230 4656 the
1241 4606 1297 4658 MS.

332 4688 347 4713 “
359 4685 437 4743 erat?
456 4684 504 4733 but
522 4681 564 4732 the
586 4696 658 4732 sense
673 4680 784 4744 requires
800 4681 832 4730 its
909 4680 992 4730 ⁴Thie
1007 4683 1076 4732 word
1097 4681 1118 4732 is
1142 4682 1275 4735 interlined
1292 4687 1319 4736 in
1334 4687 1376 4739 dre

330 4762 457 4814 omission.
850 4782 852 4800 r
869 4757 926 4810 MS.
940 4762 955 4788 ‘⁴
964 4762 1100 4824 conparuit
1113 4761 1128 4786 ”
1140 4761 1215 4830 being
1227 4765 1315 4817 struck
1326 4775 1378 4819 out.
