3570 5770
429 865 496 928 288
862 878 1051 960 merrom

430 1155 716 1224 Oorrnuromnr
745 1157 965 1224 Tususcnnr
1003 1175 1050 1224 ou
1081 1158 1299 1226 Pmouurur
1330 1177 1371 1226 m
1408 1177 1482 1224 rns

520 1257 718 1324 Murmure
744 1259 848 1324 Roou
874 1277 919 1325 or
947 1277 1017 1325 run
1040 1261 1209 1338 Minoum
1238 1279 1282 1327 or
1305 1260 1482 1329 Onuounr

277 1403 400 1448 „m
519 1375 564 1425 rr
586 1361 780 1426 Krnnnuur
804 1360 945 1428 Cremu

260 1465 407 1561 Ἣ
475 1498 650 1577 Henrieus,
672 1498 738 1565 oei
760 1499 872 1587 gratu
894 1499 967 1565 sex
991 1500 1151 1587 Anguem
1174 1501 1325 1578 nancte,
1342 1513 1377 1567 er
1400 1501 1469 1566 oo-

260 1566 409 1711 ᾖ
430 1601 540 1666 minus
575 1599 744 1678 Hibernia,
788 1600 941 1667 omnibus
979 1601 1022 1666 ad
1059 1623 1141 1686 quos
1182 1607 1349 1689 presentes
1386 1601 1482 1667 litere

261 1717 413 1812 uipereor-apl
431 1702 650 1790 pervenerint,
673 1702 822 1769 sulutem.
872 1701 1083 1789 Inspeximus
1109 1703 1275 1789 quoddam
1298 1724 1483 1768 memoran-

259 1779 393 1867 tlrmult.
430 1805 510 1870 dum
532 1805 569 1867 in
589 1787 707 1869 rotulis
730 1802 930 1869 Cancellurie
951 1808 1064 1868 nostre
1084 1803 1246 1870 Hibemie
1267 1803 1482 1870 irrotulntum

259 1869 412 2013 ffiffiii·
429 1905 466 1970 in
489 1905 548 1970 hec
569 1904 674 1969 verbe
687 1903 997 1969 :-Memorundum
1013 1904 1104 1990 quod
1118 1905 1276 1971 vicesimo
1297 1906 1404 1991 primo
1427 1906 1481 1971 die

260 2017 363 2063 ssohum
429 2007 453 2072 J
453 2005 524 2083 ulii,
535 2027 623 2071 nuno
638 2005 732 2092 regni
743 2005 843 2092 Regis
855 2004 993 2071 Henrici
1004 2005 1099 2071 Sexti
1109 2006 1272 2085 vicesimo,
1289 2006 1324 2070 in
1337 2006 1481 2092 quadum

260 2067 396 2163 mlle
431 2107 569 2174 Camere
592 2106 732 2173 Consilii
753 2107 841 2171 infra
870 2113 1014 2173 castrum
1037 2107 1174 2174 Domini
1198 2109 1297 2195 Regis
1319 2108 1482 2188 Dublinii,

258 2168 392 2263 ppfflnc,
428 2211 544 2276 habito
581 2209 836 2296 diligentissimo
873 2215 908 2274 et
947 2209 1180 2296 urgentissimo
1211 2215 1357 2275 tractatu
1395 2211 1484 2276 inter

259 2269 428 2314 cononlment
957 2311 964 2324 ,

258 2319 332 2414 Ἅῑω
340 2321 404 2373 erut
428 2312 572 2379 nobilem
605 2325 640 2377 et
673 2316 843 2396 potentem
867 2311 1049 2376 Domrnum
1072 2310 1234 2377 Jeeobum
1268 2312 1299 2377 le
1332 2312 1481 2392 Botiller,

429 2412 592 2481 Comitem
615 2412 656 2477 de
679 2411 871 2492 Ormondio,
900 2411 1023 2476 Locum
1050 2417 1220 2478 tenentem
1242 2413 1389 2499 ejusdem
1409 2413 1481 2479 Do-

427 2515 512 2580 mini
539 2513 638 2600 Regis
671 2519 759 2578 terre
781 2533 839 2578 suo
862 2511 1036 2593 Hibemie;
1064 2519 1098 2578 et
1122 2512 1306 2580 Concilium
1342 2514 1481 2581 Domini

427 2617 534 2682 nostri
549 2615 649 2702 Regis
664 2614 787 2680 ibidem
802 2638 810 2694 ;
833 2613 997 2694 videlicet,
1014 2614 1218 2682 Willelmum
1245 2613 1389 2701 Chevyr,
1412 2615 1481 2681 De-

427 2723 582 2806 pututum
615 2715 822 2782 Theseumrii
857 2715 992 2780 Domini
1026 2717 1132 2782 nostri
1167 2717 1267 2803 Regis
1304 2722 1391 2783 terre
1421 2741 1481 2784 sue

428 2821 599 2897 Hibernis,
632 2817 848 2884 Cristoferum
872 2815 1075 2896 Bernevolle,
1106 2818 1290 2903 Cepitulem
1321 2818 1482 2886 Justicia-

428 2924 515 2988 num
548 2918 682 2986 Domini
714 2919 820 2984 nostri
843 2919 943 3006 Regis
977 2917 1019 2983 ud
1052 2919 1178 2985 Placitu
1200 2941 1308 2985 coram
1332 2921 1481 2987 Domino

428 3029 541 3088 nostro
566 3021 655 3108 Rege
677 3021 713 3085 in
736 3025 826 3086 terro
847 3041 909 3084 sun
932 3019 1096 3086 Hibernia
1118 3021 1270 3097 tenendo,
1296 3021 1482 3088 Robsrtum

428 3123 611 3202 Dowdslle,
636 3121 822 3207 Capitulum
845 3120 1077 3186 Justioiarium
1100 3121 1183 3186 dicti
1206 3122 1342 3186 Domini
1372 3125 1481 3189 nostri

429 3226 529 3313 Regis
561 3224 601 3289 de
633 3223 810 3289 Communi
842 3221 953 3287 Bonco
983 3242 1042 3287 suo
1081 3221 1251 3302 Hibernis,
1289 3220 1480 3290 Johannem

429 3325 667 3404 Comewalshe,
708 3323 894 3410 Capitalem
931 3323 1095 3389 Beronem
1133 3321 1294 3390 Scseeorii
1341 3325 1481 3391 Domini

429 3429 530 3516 Regis
556 3426 727 3503 Hibemie‚
753 3425 936 3491 Robertum
955 3425 1063 3511 Dyke,
1082 3424 1262 3491 Custodem
1279 3425 1480 3493 Rutulorum

428 3528 629 3597 Cenoellarie
665 3527 802 3592 Domini
836 3527 942 3592 nostri
977 3525 1084 3613 Regis
1116 3525 1286 3608 Hibemie‚
1317 3527 1480 3593 Thomem

427 3630 609 3708 Shorthals,
642 3629 881 3696 Secundarium
906 3627 1070 3714 Beronem
1103 3627 1265 3693 Soecourii
1295 3629 1377 3694 dicti
1410 3630 1480 3697 Do·

299 3767 302 3774 ·
426 3734 510 3798 mini
526 3733 627 3819 Regis
643 3731 815 3809 Hibemie‚
839 3729 974 3795 Petrum
994 3729 1173 3814 Clyntoun,
1190 3751 1293 3796 unum
1308 3730 1479 3798 Beronum

427 3834 586 3900 scaccarii
609 3832 757 3919 predicti,
790 3830 993 3897 Edwardum
1025 3831 1233 3910 Somertoun,
1268 3831 1480 3899 Servientem

427 3936 564 4002 Domini
592 3935 691 4022 Regis
714 3933 756 3998 ad
781 3934 910 4020 Legem,
940 3939 975 3998 et
1005 3932 1185 3998 Ricardum
1216 3933 1292 3998 Fitz
1323 3933 1479 4012 Eustece,

427 4039 579 4115 Militem,
595 4057 633 4102 ao
655 4036 736 4101 ulios
759 4035 800 4100 de
814 4035 961 4101 Concilio
976 4033 1057 4099 dicti
1073 4033 1210 4099 Domini
1226 4034 1333 4122 Regis.
1379 4033 1480 4115 Quod

425 4162 499 4206 oum
532 4138 693 4203 Ricardus
726 4136 890 4223 Wogoun,
926 4135 1081 4212 Clericus,
1117 4157 1222 4222 nuper
1252 4135 1480 4202 cancellarius

424 4242 506 4308 dicti
536 4239 674 4305 Domini
709 4238 817 4304 nostri
844 4237 945 4324 Regis
978 4239 1013 4301 in
1044 4243 1132 4302 terre
1165 4258 1226 4302 sue.
1259 4235 1416 4323 predietu
1440 4239 1480 4304 in

424 4342 567 4429 quodum
601 4341 724 4427 Magno
763 4338 912 4406 Concilio
946 4337 1028 4403 dicti
1063 4337 1199 4416 Domini
1231 4337 1336 4402 nostri
1375 4337 1481 4427 Regis

425 4447 514 4534 opud
538 4445 570 4510 le
592 4444 683 4509 Naue
708 4443 762 4507 die
779 4441 916 4506 Veneris
939 4441 1090 4526 proximo
1110 4445 1188 4504 ante
1211 4438 1332 4504 festum
1356 4438 1481 4508 Trans-

424 4547 560 4613 leeionis
587 4545 701 4611 Sancti
723 4543 847 4608 Thome
865 4542 1014 4607 Martiris
1036 4542 1193 4627 preterito
1216 4541 1418 4606 summonito
1443 4550 1481 4610 et

425 4653 528 4728 tento,
553 4651 593 4712 ut
616 4645 835 4713 cancellarius
858 4643 1003 4728 ejusdem
1035 4647 1266 4720 tenemusne
1295 4645 1481 4709 summoni-

424 4749 528 4816 oionis
560 4747 642 4813 dicti
676 4746 789 4834 Magni
823 4744 963 4812 Consilii
993 4765 1031 4810 eo
1062 4743 1197 4831 negotia
1218 4748 1306 4809 terre
1328 4743 1482 4830 predicte
