3570 5770
660 956 662 960 .
710 889 895 940 nrrnnnrx.
1262 874 1326 938 289
1446 913 1450 922 ·

227 1132 230 1137 .
273 1076 427 1144 Dominis
448 1077 686 1164 Spiritualibus
708 1084 742 1143 et
758 1078 1008 1164 Temporalibus
1034 1098 1073 1142 ac
1088 1077 1327 1143 Communibus

272 1184 358 1245 terre
381 1180 525 1266 predicte
540 1179 706 1245 incudem
722 1178 872 1245 Concilio
893 1169 1158 1264 comparentibus
1173 1173 1327 1245 oretenus

271 1281 312 1344 de
324 1281 482 1346 mandato
492 1281 611 1367 prefati
628 1280 754 1345 Locum
769 1280 925 1358 tenentis,
940 1285 1042 1366 prout
1056 1281 1156 1345 moris
1172 1287 1223 1346 est
1239 1280 1325 1346 Can-

266 1382 495 1448 cellariodicte
511 1388 608 1463 terre,
628 1387 812 1468 exponeret
838 1387 873 1446 et
896 1381 1098 1462 declararet3
1121 1388 1156 1448 et
1182 1383 1327 1467 qualiter

270 1483 417 1568 prefatus
432 1488 514 1550 tunc
529 1483 752 1550 Cancellarius
775 1505 796 1547 a
818 1483 965 1569 predicto
982 1483 1131 1549 Concilio
1153 1489 1326 1548 noctanter

270 1590 305 1650 et
334 1587 519 1666 indiscrete,
550 1585 706 1652 videlicet
734 1585 847 1650 subito
873 1585 909 1648 in
937 1589 1034 1650 nocte
1067 1585 1131 1650 diei
1169 1585 1325 1651 Mercurii

270 1688 421 1773 proximo
445 1693 521 1773 post
547 1688 674 1752 dictum
698 1686 829 1765 festum,
854 1686 978 1772 absque
1003 1708 1101 1752 cansa
1131 1686 1324 1753 rationabili

270 1794 305 1852 et
327 1788 399 1854 sine
422 1789 556 1853 lioentia
578 1787 699 1874 prefati
715 1786 839 1852 Locum
855 1787 1000 1852 tenentis
1028 1793 1088 1852 aut
1109 1789 1234 1854 noticia
1257 1788 1324 1853 dic·

270 1896 380 1955 torum
407 1890 625 1954 Dominorum
652 1887 884 1974 Spiritualium
910 1893 944 1952 et
966 1886 1212 1974 Temporalium
1235 1888 1322 1955 Con·

270 1992 336 2056 silii
359 1992 496 2057 Domini
521 1991 620 2076 Regis
644 1995 679 2055 et
702 1989 935 2056 Communium
958 1988 1082 2068 habita,
1107 2012 1181 2056 cum
1204 2012 1324 2078 magno

270 2092 378 2179 sigillo
401 2093 483 2159 dicti
499 2091 637 2157 Domini
659 2090 765 2155 nostri
783 2089 883 2176 Regis
898 2095 986 2154 terre
1001 2111 1059 2156 sue
1073 2092 1229 2177 predicte,
1249 2114 1323 2157 cum

268 2215 337 2259 uno
351 2195 483 2259 homine
505 2191 718 2270 solummodo,
741 2191 882 2269 recessit,
906 2192 943 2254 in
965 2190 1048 2256 dicti
1071 2193 1206 2258 Domini
1223 2193 1323 2279 Regis

269 2295 409 2361 dedecus
436 2301 470 2360 et
494 2299 720 2380 contemptum
744 2315 783 2357 ac
809 2297 1014 2357 statutorum
1028 2294 1065 2357 in
1088 2294 1177 2360 dicto
1201 2295 1322 2381 Magno

271 2395 419 2461 Concilio
441 2396 657 2462 existencium
689 2395 882 2482 dispectum,
907 2417 945 2460 ac
979 2394 1089 2481 legum
1119 2402 1154 2460 et
1188 2417 1323 2461 consue-

270 2499 427 2564 tudinum
457 2499 544 2563 dictc
570 2503 658 2562 terre
679 2497 836 2561 lesionem
867 2501 902 2560 et
935 2497 1192 2575 enervacionem
1221 2519 1322 2585 nego·

270 2601 394 2665 ciorum
413 2599 494 2664 dicti
510 2599 647 2664 Domini
669 2597 775 2662 nostri
792 2597 892 2683 Regis
914 2601 949 2662 et
963 2599 1077 2684 populi
1099 2599 1150 2664 sui
1173 2599 1321 2686 ejusdem

270 2707 357 2766 terre
378 2702 415 2764 in
440 2700 529 2765 dicto
547 2699 670 2786 Magno
689 2698 837 2764 Concilio
853 2700 1153 2784 prosequendorum
1174 2707 1209 2766 et
1223 2723 1322 2788 expe-

270 2801 464 2869 diendorum
487 2800 723 2866 detrimentum
748 2806 783 2865 et
805 2799 1073 2879 retardacionem,
1095 2823 1223 2867 necnon
1246 2803 1320 2868 aliis

269 2903 306 2966 in
324 2903 438 2968 futuro
461 2901 648 2988 exemplum
663 2901 984 2987 perniciosissimum.
1031 2901 1138 2989 Super
1152 2926 1217 2990 quo
1231 2904 1321 2971 idem

270 3003 392 3070 Locum
408 3010 534 3080 tenens,
556 3025 595 3068 eo
618 3003 707 3088 quod
721 3003 787 3067 sibi
809 3001 1006 3068 intimatum
1030 3005 1207 3086 extitabat,
1232 3009 1319 3092 quod

268 3105 415 3190 prefatus
446 3127 552 3192 nuper
576 3103 797 3170 Cancellarius
827 3104 871 3168 ad
902 3106 1073 3171 civitatem
1103 3107 1256 3173 Dublinii
1287 3131 1320 3174 se

206 3247 210 3254 -
269 3207 468 3284 divertisset,
494 3226 684 3290 moramque
710 3205 834 3269 ibidem
863 3207 1028 3286 traxisset,
1054 3229 1167 3273 veram
1190 3231 1320 3274 causam

233 3383 235 3388 Ι
268 3329 411 3373 recessus
427 3307 507 3372 dicti
525 3305 722 3373 Cancellarii
745 3306 942 3385 desiderans,
967 3309 1060 3372 etin
1083 3311 1249 3394 premissis
1270 3332 1320 3374 re·
1439 3375 1445 3388 ,

268 3410 413 3475 medium
451 3430 632 3495 congruum
670 3407 712 3472 de
750 3408 957 3472 avisamento
994 3413 1028 3472 et
1066 3429 1199 3473 assensu
1237 3411 1318 3475 dicti
1377 3493 1379 3500 y

270 3511 384 3597 Magni
401 3510 541 3576 Concilii
557 3509 710 3574 ordinare
725 3507 894 3586 affectans,
911 3507 1037 3572 dictum
1054 3507 1214 3594 Magnum
1230 3512 1316 3575 Con-

268 3612 378 3676 cilium
398 3612 441 3676 ad
464 3611 645 3698 predictam
669 3609 841 3673 civitatem
863 3630 966 3693 usque
982 3607 1069 3672 diem
1091 3609 1183 3675 Luna
1207 3615 1319 3697 proxi-

269 3735 356 3778 mam
389 3718 465 3799 post
497 3712 618 3777 festum
651 3709 764 3776 Sancti
799 3710 917 3775 Jacobi
949 3709 1102 3796 Apostoli
1132 3715 1316 3797 proximum

267 3815 426 3892 futurum,
441 3814 556 3879 eodem
579 3817 671 3877 statu
696 3833 762 3898 quo
785 3817 865 3877 tunc
887 3811 1004 3889 fuerat,
1028 3832 1071 3876 ex
1092 3833 1228 3879 assensu
1251 3817 1317 3882 dio-

267 3921 376 3980 torum
407 3914 625 3982 Dominorum
656 3912 887 3998 spiritualium
918 3918 954 3977 et
984 3912 1234 3999 Temporalium,
1259 3919 1315 3981 ad-

261 4017 412 4103 jornavit
434 4023 469 4081 et
491 4015 710 4095 continuavit,
737 4019 773 4080 et
794 4015 831 4078 in
852 4015 944 4080 dicto
968 4013 1090 4102 Magno
1106 4016 1252 4084 Concilio
1272 4022 1313 4085 ad

219 4111 223 4118 ’
263 4119 514 4203 requisicionem
536 4118 702 4182 dictorum
726 4115 961 4182 Communium
984 4118 1174 4182 ordinatum
1198 4119 1314 4200 fuerat,

265 4220 352 4305 quod
379 4218 479 4284 breve
507 4219 588 4284 dicti
612 4217 750 4282 Domini
772 4218 879 4284 nostri
903 4218 1003 4302 Regis
1037 4219 1143 4283 eidem
1175 4221 1316 4288 Ricardo

266 4320 419 4408 Wogann
435 4327 474 4384 ut
490 4319 694 4386 Cancellario
709 4319 916 4405 dirigeretur,
931 4319 1019 4403 quod
1037 4320 1158 4405 ipsein
1183 4326 1316 4409 propria

265 4444 405 4508 persona
427 4445 486 4486 sua
512 4428 597 4487 esset
629 4420 719 4506 apud
753 4420 875 4486 dictam
907 4420 1079 4485 civitatem
1110 4423 1147 4486 in
1169 4425 1315 4508 predicto

268 4523 391 4608 Magno
407 4522 554 4589 Concilio
570 4523 659 4587 dicto
674 4521 728 4586 die
744 4522 845 4598 Lune,
862 4541 937 4585 cum
960 4519 1050 4585 dicto
1065 4544 1185 4610 magno
1200 4526 1316 4613 sigillo,

267 4625 309 4688 ad
341 4625 577 4690 ostendendam
604 4645 736 4688 causam
763 4622 843 4687 dicti
876 4623 927 4686 sui
949 4644 1091 4688 recessus
1102 4651 1110 4704 ;
1141 4648 1179 4691 ac
1209 4631 1316 4695 medio

268 4727 413 4812 tempore
433 4725 541 4790 dictus
565 4724 687 4789 Locum
704 4730 829 4798 tenens,
851 4745 893 4788 ex
916 4725 1027 4789 animo
1050 4725 1216 4808 benevole,
1234 4753 1315 4798 -cum

1160 4847 1181 4893 r
