3570 5770
729 896 916 946 nrrnunrx.
1286 886 1350 948 293

298 1082 506 1163 celebratam,
531 1083 714 1170 predictum
745 1105 903 1170 magnum
935 1083 1080 1170 sigillum
1103 1085 1268 1168 quamcito
1290 1106 1349 1170 po·

298 1187 379 1250 terit
396 1185 433 1250 in
448 1186 572 1252 dictum
587 1181 837 1251 Thesaurarie'm
856 1185 1019 1251 liberavit.
1066 1186 1259 1272 Requisitus
1274 1187 1349 1272 quis

296 1286 403 1351 eidem
425 1309 581 1373 magnum
609 1287 755 1374 sigillum
783 1287 988 1365 deliberavit,
1015 1309 1058 1352 en
1089 1287 1259 1373 religiosus
1288 1294 1348 1355 eut

297 1389 458 1467 secularis,
482 1390 571 1454 dixit
594 1390 683 1475 quod
704 1411 773 1454 non
803 1395 912 1476 posset
935 1389 1126 1455 nec·vellet
1153 1389 1220 1454 ullo
1250 1391 1347 1455 modo

296 1488 357 1555 hoc
379 1491 530 1556 revelare.
577 1490 728 1555 Prefatus
748 1490 869 1573 ,Frater
890 1491 1029 1556 ulterius
1059 1497 1141 1556 tunc
1169 1492 1347 1577 requisitus

295 1591 324 1656 si
350 1592 506 1657 noticiam
537 1592 705 1658 habuisset
736 1594 776 1657 de
807 1592 966 1678 regimine
996 1615 1054 1659 seu
1086 1594 1235 1659 custodio
1264 1593 1347 1658 dicti

296 1693 409 1779 magni
431 1694 532 1780 sigilli
566 1716 587 1758 e
616 1694 764 1781 predicto
795 1694 941 1758 transitu
972 1695 1075 1782 ipsius
1104 1695 1236 1761 Rioerdi
1267 1695 1345 1758 Wo-

294 1815 384 1879 genn
406 1816 509 1880 usque
531 1795 613 1859 illud
632 1801 771 1882 tempus,
795 1817 859 1882 quo
879 1795 1005 1861 dictum
1028 1818 1185 1882 magnum
1200 1795 1345 1883 sigillum

295 1893 341 1958 sic
363 1895 427 1960 sibi
442 1896 508 1961 fuit
522 1895 844 1981 deliberatum—qui
859 1897 948 1962 dixit
970 1919 1068 1983 super
1087 1898 1212 1963 dictum
1235 1919 1340 1962 secra⁴

295 2002 446 2061 mentum
469 2019 574 2074 suum,
599 1999 687 2084 quod
710 1998 853 2084 qualiter
875 1997 1001 2063 dictum
1021 2019 1178 2085 magnum
1200 1998 1345 2086 sigillum

294 2117 353 2184 per
374 2098 462 2163 idem
484 2105 615 2185 tempus
629 2099 696 2164 fuit
714 2099 936 2186 gubernatum
956 2119 1013 2163 seu
1028 2099 1230 2164 custoditum
1253 2101 1344 2186 peni-

293 2202 349 2264 tus
371 2199 546 2286 ignoravit.
607 2199 895 2285 Postmodumque,
921 2200 1034 2265 eodem
1060 2200 1215 2264 vicesimo
1238 2201 1345 2286 primo

295 2299 358 2381 die,
377 2301 524 2386 prefatus
539 2302 729 2388 Deputetus
744 2301 955 2366 Thesaurarii
970 2307 1005 2366 et
1027 2300 1234 2367 Camerarius
1251 2302 1345 2368 Seec-

295 2402 374 2465 carii
396 2407 483 2469 terre
506 2403 651 2488 predicte
667 2403 851 2488 predictum
867 2423 1023 2488 magnum
1040 2403 1185 2489 sigillum
1208 2405 1244 2467 in
1263 2404 1345 2468 The-

295 2505 475 2569 saurericm
503 2505 692 2591 predictum,
715 2510 755 2568 ut
781 2503 970 2590 predicitur,
994 2526 1101 2591 nuper
1124 2505 1279 2591 positum,
1303 2506 1344 2570 de

294 2605 453 2670 mandato
475 2605 618 2692 predicti
641 2606 764 2670 Locum
789 2607 935 2670 tenentis
961 2605 1008 2671 eis
1034 2606 1132 2684 fecto,
1154 2608 1190 2670 in
1220 2607 1344 2672 dictem

297 2703 467 2772 Cremeram
500 2705 639 2773 Concilii
668 2706 756 2771 infre
785 2706 911 2771 dictum
941 2711 1086 2772 castrum
1116 2713 1343 2794 portaverimt

294 2812 329 2871 et
360 2807 445 2872 illud
478 2809 515 2872 iu
545 2808 636 2873 dicto
666 2808 752 2892 begu
783 2808 871 2873 dicto
902 2807 1030 2895 signeto
1060 2809 1205 2895 sigillata
1238 2810 1345 2875 eidem

296 2909 418 2974 Locum
433 2909 562 2975 tenenti
585 2909 621 2973 in
644 2909 814 2995 presencia
839 2909 922 2974 dicti
948 2909 1089 2975 Concilii
1111 2911 1344 2976 deliberarunt.

296 3010 363 3091 Qui
385 3011 520 3097 quidem
544 3012 668 3076 Locum
694 3017 811 3076 tenens
835 3011 958 3076 dictem
982 3010 1101 3098 begam
1124 3003 1283 3098 aperiens,
1311 3019 1346 3077 et

296 3113 421 3178 dictum
444 3133 602 3199 magnum
632 3112 781 3198 sigillum
809 3112 996 3178 adinvicem
1019 3135 1183 3200 separans,
1206 3113 1242 3178 in
1269 3120 1345 3179 utre

293 3220 387 3300 perte
410 3215 493 3281 dicti
526 3214 639 3300 magni
672 3213 773 3299 sigilli
797 3214 958 3298 comperit
984 3214 1095 3278 albem
1120 3237 1228 3280 ceram
1250 3217 1346 3300 quasi

295 3322 467 3393 recentem,
506 3322 549 3394 et,
578 3321 618 3379 ut
651 3315 780 3401 prefato
815 3314 937 3379 Locum
970 3317 1098 3379 tenenti
1131 3321 1167 3380 et
1198 3315 1344 3382 Concilio

295 3417 480 3494 videbatur,
503 3417 544 3482 de
576 3416 700 3483 recenti
732 3421 767 3481 et
796 3437 884 3480 nove
911 3415 1113 3500 sigillecione
1135 3417 1343 3482 existentem.

295 3519 424 3584 Ibidem
439 3526 520 3584 tunc
535 3518 743 3605 presentibus
766 3517 914 3602 predicto
930 3516 1077 3582 Custode
1092 3517 1289 3583 Rotulorum
1306 3539 1344 3584 ec

296 3621 440 3687 Custode
453 3620 636 3707 Hancperii
650 3619 801 3706 predicti,
811 3618 991 3682 Willielmo
1007 3618 1114 3705 Mepe,
1124 3619 1343 3705 Spigurnello,

290 3711 365 3788 'sive
390 3721 594 3788 Calefactore
618 3721 699 3787 Cere
722 3721 759 3784 in
784 3721 873 3785 dicto
896 3719 1107 3794 Cancellarie‚
1132 3742 1170 3785 ec
1200 3719 1275 3785 aliis
1302 3721 1344 3788 de

294 3824 407 3889 eedem
433 3821 643 3900 Cancellerie,
675 3823 733 3908 qui
765 3821 964 3909 sigillecioni
988 3821 1069 3886 dicti
1099 3823 1212 3906 magni
1243 3825 1344 3909 sigilli

292 3927 451 3991 interesse
473 3925 633 4002 solebant,
656 3926 713 4011 qui
729 3946 807 3990 vero
830 3945 928 4010 super
950 3923 1163 3988 sacrementis
1184 3922 1252 3988 suis
1275 3925 1344 3990 Do·

293 4029 384 4092 mino
416 4035 530 4100 nostro
554 4026 638 4113 Regi
672 4027 809 4112 prefatis
842 4027 956 4090 stricte
986 4025 1178 4102 examinati,
1201 4024 1230 4088 si
1253 4025 1343 4092 dicte

293 4151 366 4194 cere
388 4130 502 4194 relicta
524 4129 625 4194 fuerit
649 4129 685 4191 in
708 4126 815 4213 sigillo
839 4127 994 4212 predicte,
1018 4131 1166 4211 tempore
1191 4149 1256 4213 quo
1278 4127 1343 4214 ipsi

291 4231 451 4297 viderunt
473 4252 531 4295 seu
562 4251 674 4294 eorum
706 4228 827 4313 uliquis
858 4228 981 4293 viderit
1010 4227 1246 4312 sigillationem
1269 4251 1342 4316 pre-

293 4334 381 4399 dicto
397 4355 518 4418 magno
538 4331 646 4418 sigillo
665 4329 817 4394 ultimam
834 4327 978 4408 factam)
995 4329 1053 4415 qui
1070 4329 1238 4408 dixerunt,
1255 4332 1343 4416 quod

292 4459 366 4503 non.
414 4436 579 4523 Requisiti
597 4435 737 4500 ulterius
759 4435 789 4499 si
811 4435 877 4521 ipsi
899 4435 1124 4520 cognoverint,
1146 4455 1204 4499 seu
1224 4435 1344 4522 uliquis

292 4561 405 4606 eorum
437 4538 638 4625 cognoverit,
669 4537 795 4603 dictum
831 4537 1007 4623 signetum,
1038 4556 1113 4600 cum
1151 4558 1217 4621 quo
1254 4538 1344 4602 dicte

293 4642 380 4729 bega
413 4640 460 4706 sic
493 4640 640 4728 sigillata
674 4640 794 4718 fueret,
817 4639 875 4723 qui
898 4639 939 4703 de
975 4643 1011 4703 et
1045 4657 1159 4726 super·
1176 4640 1343 4724 premissis

703 4858 710 4889 ¹
723 4859 811 4923 “socio
820 4858 835 4884 '’
846 4858 875 4908 in
886 4855 943 4909 MS.
