3622 5760
707 916 805 974 rrv1TE
830 922 985 974 cronico
1009 925 1048 972 11.
1309 985 1312 990 A
1336 911 1399 974 155

349 1117 443 1176 notre
478 1111 530 1176 dit
560 1109 723 1198 Seiguour
756 1111 787 1177 le
813 1111 910 1198 Roy3
948 1117 984 1178 et
1013 1133 1141 1199 oveque
1175 1135 1210 1178 ce
1232 1113 1310 1199 ,soit
1339 1113 1403 1178 fait
1416 1130 1569 1224 ⁰⁰¹¹420ffl'

348 1214 438 1280 brief
463 1214 567 1282 direct
598 1235 634 1280 as
666 1213 736 1279 ditz
770 1213 905 1302 Geflioy
939 1220 974 1281 et
1008 1213 1155 1303 Stephen
1184 1237 1268 1302 pour
1291 1231 1560 1325 overerofgetovn

349 1317 380 1382 le
402 1317 467 1384 eeel
489 1317 536 1384 du
558 1317 609 1383 dit
632 1316 732 1396 office,
752 1323 787 1382 et
809 1316 871 1383 ioel
892 1339 970 1383 user
992 1338 1117 1384 comme
1139 1319 1164 1382 il
1185 1320 1229 1384 ad
1251 1324 1320 1384 este
1343 1319 1404 1384 fait
1470 1293 1549 1334 ’ω’

351 1419 474 1485 devant
489 1443 541 1486 ces
563 1420 691 1498 heurea
715 1443 756 1484 en
779 1420 843 1486 due
866 1421 1000 1486 fourme.
1048 1420 1165 1486 Doune
1181 1443 1202 1486 a
1216 1421 1401 1508 Kilkenny,

350 1522 381 1587 le
401 1521 478 1612 xiije
496 1523 574 1610 jour
597 1523 638 1587 de
654 1522 805 1599 Feverer‚
828 1521 884 1588 lan
907 1525 971 1601 dac,
995 1544 1120 1588 comme
1143 1522 1249 1589 desus.

395 1683 497 1750 Fiant
518 1682 614 1750 litere
637 1689 792 1770 patentes
807 1683 945 1748 Domini
962 1683 1061 1771 Regis
1088 1683 1151 1749 sub
1166 1684 1269 1771 ipsius
1285 1704 1405 1770 magno
1451 1703 1541 1772 [rea]

350 1787 459 1874 sigillo
484 1808 549 1874 quo
572 1787 682 1852 utitur
704 1786 741 1850 in
764 1785 936 1864 Hibernia,
969 1787 1009 1850 de
1032 1784 1143 1872 gracia
1164 1808 1225 1852 sua
1262 1785 1405 1874 speciali,
1425 1795 1567 1900 &ciffi

350 1910 409 1974 pro
424 1887 551 1954 Thoma
567 1888 711 1976 Leynoh,
722 1887 804 1954 adias
820 1888 992 1954 nominato
1010 1888 1192 1976 Ohapman,
1203 1894 1354 1954 morante
1369 1888 1406 1952 in
1418 1917 1532 1992 Fmffi

351 1991 433 2056 villa
447 1991 488 2056 de
505 1990 663 2076 Oarryke,
680 1991 860 2058 Hiberniae
875 1991 1032 2070 nacionis,
1055 1991 1144 2079 quod
1158 1993 1229 2078 ipse
1243 1995 1279 2057 et
1293 1999 1499 2058 omnesones

351 2095 461 2158 exitus
484 2094 543 2170 eui,
568 2098 639 2158 tam
669 2095 833 2178 procreati
864 2113 962 2180 quam
993 2093 1194 2180 procreandi,
1217 2093 1314 2158 liberi
1337 2051 1578 2203 sintffiffrim

350 2199 457 2261 status
480 2199 514 2260 et
536 2195 746 2274 condicionis,
775 2201 810 2260 et
831 2196 873 2260 ab
897 2195 988 2260 omni
1011 2195 1175 2262 servitute
1199 2195 1405 2261 Hibernicali
1416 2201 1536 2303 {diffidi}
1546 2199 1577 2248 Ι11

350 2297 446 2364 liberi
468 2302 504 2362 et
526 2298 641 2385 quieti,
668 2303 703 2363 et
734 2298 823 2384 quod
856 2297 921 2384 ipsi
956 2299 1177 2384 respondeant
1207 2305 1242 2364 et
1272 2319 1404 2384 respon·
1418 2301 1574 2399 ffiffifffi·

351 2401 493 2466 deantur
515 2400 552 2464 in
575 2400 836 2487 quibuscumque
859 2399 958 2464 curiis
985 2399 1154 2478 Hibernia,
1172 2405 1207 2466 et
1229 2401 1320 2488 quod
1341 2399 1405 2486 ipsi
1418 2403 1566 2496 ffiffiiffi

351 2504 519 2590 gaudeant
541 2507 576 2566 et
597 2507 739 2570 utantur
760 2500 831 2588 lege
846 2501 1033 2587 Anglioana
1055 2503 1091 2566 in
1114 2502 1267 2568 omnibus
1290 2507 1324 2568 et
1347 2504 1558 2598 Perffiffi

350 2605 461 2672 omnia
483 2605 598 2671 eodem
621 2602 719 2670 modo
741 2626 807 2690 quo
829 2603 964 2690 Angiioi
985 2604 1022 2669 iu
1044 2609 1134 2670 terra
1161 2605 1261 2692 Regis
1285 2604 1518 2700 Hiber-{¹525}or

352 2707 406 2774 nie
429 2730 468 2774 ea
489 2706 638 2796 gaudent
661 2713 695 2772 et
719 2710 870 2782 utuntur,
888 2712 922 2771 et
945 2707 1033 2792 quod
1063 2707 1127 2793 ipsi
1157 2706 1259 2772 libere
1289 2707 1406 2794 adqui-

351 2835 422 2881 rere
439 2810 575 2878 valeant
598 2815 712 2891 terras,
727 2813 927 2888 tenementa,
950 2809 1170 2895 possessiones
1192 2815 1227 2875 et
1248 2810 1407 2889 redditus,

352 2937 390 2982 ac
411 2915 500 2983 bona
522 2918 556 2979 et
578 2911 708 2990 catalla,
722 2917 757 2978 et
778 2912 858 2977 inde
874 2910 1122 3000 provoluntate
1145 2933 1205 2977 sua
1227 2913 1407 3000 disponere,

353 3022 387 3084 et
414 3016 451 3082 in
484 3016 531 3082 eis
563 3014 742 3096 succedere,
766 3019 925 3102 tanquam
960 3013 1093 3100 Anglici
1128 3014 1164 3078 in
1189 3019 1278 3080 terra
1308 3013 1408 3102 Regis

353 3117 506 3207 predicta,
539 3120 575 3182 et
606 3117 694 3203 quod
721 3117 787 3204 ipsi
820 3116 922 3182 libere
953 3121 1124 3202 acceptare
1145 3116 1280 3182 valeant
1310 3117 1407 3182 bene-

352 3221 425 3286 ficia
447 3219 664 3285 ecclesiastica
685 3224 755 3284 tam
771 3219 807 3283 in
829 3217 972 3284 ecclesiis
995 3217 1176 3304 collegiatis
1191 3223 1226 3283 et
1240 3218 1409 3285 cathedra

352 3323 440 3388 libus
466 3343 567 3407 quam
590 3325 693 3399 extra,
709 3319 901 3386 condicione
929 3319 1136 3384 Hibernioali
1151 3320 1187 3383 in
1210 3321 1321 3407 aliquo
1342 3342 1409 3386 non

353 3425 517 3504 obstante,
532 3425 570 3489 in
595 3424 701 3490 forma
725 3423 839 3489 debita
863 3429 897 3487 et
920 3426 1083 3487 consueta
1122 3421 1250 3487 Datum
1267 3423 1407 3489 Kilken-

354 3529 417 3606 nie,
439 3526 502 3592 xv⁰
524 3527 577 3593 die
598 3525 781 3603 Februarii,
796 3546 883 3590 anno
906 3525 962 3590 dic.

397 3685 542 3752 Jacobus
576 3663 630 3752 uc.
692 3683 779 3764 Quia
802 3682 842 3746 de
869 3681 1077 3746 avisamento
1102 3679 1240 3746 Consilii
1271 3682 1406 3754 Domini
1455 3699 1541 3764 [raa]

355 3787 454 3877 Regis
469 3809 508 3854 ac
522 3787 565 3854 ad
579 3785 829 3872 requisicionem
844 3789 879 3850 et
898 3780 1157 3870 postidccionem
1183 3782 1406 3854 Oomunitatis
1423 3789 1529 3884 ,mhl'nrge
1537 3839 1565 3880 d„
1602 3797 1604 3800 ’

354 3892 531 3958 comitatus
553 3887 783 3965 Watersordie,
812 3885 1002 3952 ordinatum
1029 3889 1064 3950 et
1095 3886 1327 3953 concordatum
1355 3893 1406 3954 est
1424 3891 1572 3934 ”memmi

355 3993 442 4080 quor
464 3993 633 4059 sosanna
656 3992 697 4056 a
717 3989 931 4067 nasamone,
954 3986 1042 4052 ficus
1066 3987 1200 4053 aornar
1223 3989 1282 4055 aa
1305 3961 1555 4085 noesppipe

356 4097 496 4163 Comitis
519 4094 740 4175 Deasemonie,
765 4093 810 4158 sit
836 4091 1025 4158 Vicecomes
1048 4091 1136 4156 dicte
1159 4094 1407 4159 communitatis
1418 4094 1545 4185 lmffiffiffe·

355 4199 513 4286 quamdiu
546 4198 635 4264 dicto
664 4195 808 4263 Domino
832 4193 916 4283 Regi
937 4193 1116 4279 placuerit3
1161 4193 1247 4260 fiant
1269 4155 1562 4283 proindeiimsnirrc

744 4381 1014 4465 [manseros]

355 4503 436 4564 Lord
463 4503 515 4560 the
535 4501 644 4578 King;
672 4502 732 4559 and
752 4502 784 4560 in
805 4501 941 4560 addition
962 4507 992 4556 to
1012 4496 1074 4555 this
1097 4499 1140 4558 let
1160 4501 1246 4562 there
1266 4505 1303 4564 be
1322 4506 1407 4576 made

356 4617 375 4656 a
393 4596 474 4670 writ,
497 4597 528 4654 in
548 4596 608 4654 due
628 4593 715 4667 form,
730 4595 865 4654 directed
886 4601 917 4652 to
938 4593 990 4650 tbe
1012 4589 1077 4648 said
1103 4589 1238 4673 Geofrey
1259 4598 1316 4655 and
1341 4597 1408 4660 ste.

356 4690 434 4768 phen
449 4697 481 4748 to
494 4687 612 4768 employ
624 4688 675 4747 the
689 4688 750 4747 seul
764 4688 800 4746 oi
809 4689 861 4746 the
875 4686 938 4745 said
948 4685 1033 4744 office
1045 4685 1104 4742 and
1115 4705 1167 4749 use
1176 4689 1228 4750 the
1238 4709 1325 4764 same,
1336 4713 1369 4752 as
1385 4695 1409 4752 it

354 4784 494 4841 hasbeen
513 4781 589 4840 done
606 4779 785 4840 heretofore.
828 4777 929 4840 Giveu
946 4789 977 4839 at
997 4781 1164 4862 Kilkenny,
1179 4783 1231 4843 the
1245 4783 1409 4846 thirteenth

356 4877 414 4953 day
436 4873 472 4932 of
489 4874 654 4951 February,
676 4874 727 4933 the
746 4891 819 4951 year
840 4874 892 4933 &a
914 4893 946 4932 as
966 4873 1068 4936 above.
