3570 5770
753 903 937 950 srrsrmx.
1297 886 1362 958 277

307 1086 447 1152 Ricardo
469 1085 529 1151 fita
553 1086 694 1153 Eustace
720 1093 756 1152 et
782 1087 947 1152 Eduardo
977 1086 1037 1152 fitz
1067 1087 1218 1164 Eustace,
1241 1087 1361 1151 Militi-

305 1188 375 1266 bus,
399 1189 603 1254 Consilieriis
627 1187 763 1253 Domini
789 1189 890 1274 Regis
912 1189 946 1252 in
978 1189 1092 1253 eadem
1123 1194 1219 1264 terra,
1251 1188 1356 1252 eidem

305 1288 506 1355 cancellario
521 1289 713 1369 declaravit,
731 1290 893 1374 quomodo
907 1291 995 1355 idem
1012 1289 1235 1356 Cancellarius
1250 1295 1356 1355 certae

305 1390 418 1455 literas
442 1391 706 1456 metuendissimi
731 1391 868 1456 Domini
888 1392 994 1456 nostri
1009 1391 1110 1477 Regis
1125 1390 1273 1477 predicti,
1288 1391 1355 1477 pri-

304 1497 383 1558 vato
394 1491 506 1578 sigillo
521 1492 668 1578 ejusdem
680 1492 817 1557 Domini
831 1492 930 1578 Regis
945 1491 1116 1578 sigillatae,
1129 1492 1172 1556 ad
1187 1492 1356 1578 inquiren·

306 1592 384 1659 dum
411 1615 469 1660 seu
493 1594 740 1660 certificandum
767 1595 875 1680 ipsum
902 1594 1081 1684 Dominum
1108 1595 1231 1680 Regem
1258 1614 1357 1678 super

305 1695 402 1759 certis
423 1694 571 1760 articulis
593 1695 802 1760 accusatoriis
825 1716 900 1760 cum
925 1695 1023 1760 dictis
1042 1695 1147 1759 literis
1167 1694 1208 1760 de
1224 1694 1355 1780 privato

304 1795 420 1880 sigillo,
451 1795 558 1860 eidem
589 1794 792 1862 Oancellario
818 1795 1037 1874 transmissas,
1070 1795 1136 1860 sibi
1165 1795 1356 1872 destinatas,

305 1900 431 1960 etatum
446 1896 549 1982 ipsius
559 1897 681 1963 Locum
697 1898 844 1962 tenentia
858 1901 1099 1974 concernentes,
1109 1901 1150 1961 ut
1165 1896 1272 1962 eidem
1288 1896 1356 1960 Do-

305 1999 395 2064 mino
408 1998 531 2064 Locum
548 1999 676 2065 tenenti
692 1999 870 2076 dicebatur,
883 2005 983 2085 prout
997 1999 1085 2064 idem
1099 1997 1221 2064 Locum
1240 2004 1357 2063 tenens

304 2101 454 2178 assendt,
465 2107 639 2188 receperat.
679 2100 721 2166 In
737 2122 877 2187 quorum
892 2122 958 2166 uno
974 2101 1180 2174 asserebatur
1194 2099 1283 2185 quod
1298 2121 1356 2185 per

303 2202 462 2268 Dominus
486 2203 681 2290 Spirituales
703 2209 738 2269 et
759 2203 967 2288 'l'emporales
989 2222 1027 2266 ac
1050 2201 1248 2267 Communes
1268 2205 1355 2267 terre

305 2303 450 2390 predicte
465 2310 563 2382 certa,
578 2304 614 2368 in
630 2305 852 2369 Parliamento
863 2304 952 2392 apud
968 2302 1165 2369 Dublinium
1183 2304 1236 2368 die
1247 2302 1354 2368 Vene-

304 2407 349 2471 ris
373 2407 522 2492 proximo
544 2411 619 2492 post
641 2406 764 2472 festum
780 2405 894 2471 Sancti
911 2405 1050 2470 Martini
1066 2405 1103 2468 in
1124 2425 1220 2490 yeme
1234 2405 1355 2471 ultimo

304 2507 463 2594 preterito
494 2512 596 2584 tento,
633 2509 816 2574 extiterant
846 2508 1037 2573 desiderata.
1093 2505 1136 2569 In
1171 2505 1237 2571 alio
1266 2507 1355 2592 quod

305 2609 375 2694 ipse
403 2608 528 2686 (lomes,
553 2609 691 2674 diversis
722 2609 925 2694 temporibus
947 2607 1068 2694 quibus
1099 2609 1245 2694 regimen
1267 2611 1355 2674 terre

305 2710 451 2797 predicte
472 2711 643 2788 habuerat,
673 2710 885 2776 ordinaverat
915 2715 950 2776 et
982 2709 1103 2776 fecerat
1125 2710 1270 2776 diversos
1292 2709 1355 2774 Hi·

304 2812 455 2877 hernicos
484 2813 652 2898 garciones
675 2817 710 2877 et
731 2811 898 2898 pagidicoe
928 2811 1045 2876 domus
1067 2832 1125 2876 sue
1147 2810 1270 2876 milites
1296 2832 1356 2897 pro

306 2912 446 2978 diversis
458 2913 715 2982 ¹commitatibus
737 2913 773 2978 in
788 2912 1027 2990 Parliamentie,
1044 2919 1078 2978 et
1101 2912 1189 2998 quod
1210 2913 1357 2978 diversos

306 3015 388 3078 fines
410 3015 533 3100 recepit
554 3036 575 3078 a
597 3014 735 3080 diversis
763 3014 915 3080 Dominis
945 3013 1184 3100 Spiritualibus
1206 3019 1241 3079 et
1263 3013 1358 3079 'lem-

305 3114 473 3200 poralibus
495 3116 549 3182 tac
597 3114 640 3179 In
671 3116 736 3180 alio
763 3116 851 3201 quod
881 3137 939 3201 per
969 3115 1192 3181 substantiam
1215 3115 1357 3181 Genero-

305 3237 416 3282 eorum
442 3220 476 3282 et
500 3216 733 3283 Communium
756 3222 842 3283 terre
873 3217 1028 3303 predicte,
1051 3216 1153 3282 eciam
1179 3221 1279 3302 prout
1300 3238 1359 3303 per

307 3317 485 3382 Ricardum
515 3317 807 3405 Archiepiscopum
851 3316 1118 3382 Dubliniensem.
1142 3318 1356 3397 asserebatur,

306 3423 393 3484 certe
412 3418 588 3484 indenture
611 3420 779 3506 tripartite
799 3418 930 3484 fueraut
943 3418 1127 3483 desiderate
1149 3424 1184 3483 et
1205 3418 1349 3484 confecta

306 3528 405 3610 prout
427 3525 463 3588 in
486 3524 609 3590 eisdem
635 3525 784 3590 articulis
813 3525 943 3611 plenius
966 3523 1161 3602 continetur,
1184 3545 1264 3609 quos
1287 3545 1358 3610 per-

305 3625 370 3712 legi
392 3624 478 3706 fecit,
502 3647 644 3711 quorum
670 3627 883 3692 articulorum
905 3625 1009 3691 verba
1034 3630 1218 3710 sequuntur
1238 3625 1276 3689 in
1297 3624 1360 3692 hac'

305 3726 572 3804 forma-rime,
588 3749 624 3792 as
639 3728 752 3793 moche
764 3749 799 3793 ae
811 3727 873 3792 alle
885 3727 943 3792 the
953 3726 1077 3792 Lordcs
1090 3725 1282 3812 Spirituelle
1291 3727 1357 3793 and
1369 3739 1413 3784 ut
1425 3739 1457 3782 Δ·
1465 3739 1491 3782 to

306 3827 508 3914 Temporclle
524 3828 562 3894 of
572 3850 658 3914 your
672 3828 763 3894 aeide
779 3828 886 3904 londe,
897 3829 963 3893 and
974 3827 1031 3893 the
1041 3826 1236 3893 Oommones
1251 3827 1290 3892 of
1299 3827 1357 3894 the
1369 3789 1527 3884 bdlfflld'

308 3951 404 4006 same,
420 3929 456 3993 in
467 3951 553 4014 your
562 3929 751 3995 Parlement
771 3929 898 4015 holdyn
910 3933 947 3993 at
957 3928 1134 4014 Deuelyng
1148 3927 1205 3994 the
1223 3927 1358 4017 Fryday
1369 3889 1518 3936 mm

307 4036 391 4095 next
422 4031 507 4096 atter
529 4032 587 4096 the
609 4031 675 4097 fest
698 4031 736 4098 of
753 4031 861 4116 Seynt
892 4031 1035 4096 Martiae
1065 4030 1100 4094 in
1133 4029 1272 4116 Wynter
1293 4031 1359 4096 last

307 4132 451 4219 passede,
467 4153 554 4198 were
568 4131 713 4218 fullyche
728 4132 853 4218 avysed
868 4132 934 4197 and
949 4131 1100 4198 assented
1114 4135 1171 4219 bat
1186 4130 1205 4195 I
1220 4132 1287 4204 aad
1301 4155 1360 4220 my

307 4231 421 4298 fclewe
445 4235 637 4321 messageris
660 4234 711 4299 for
737 4234 795 4300 the
821 4234 891 4300 said
916 4235 996 4300 lond
1027 4234 1157 4299 echolde
1190 4233 1305 4320 desyre
1327 4233 1362 4300 oi

307 4355 382 4420 you,
399 4334 569 4421 Soverayn
586 4337 683 4414 Lord‚
699 4341 735 4402 to
751 4336 877 4422 ordeyn
892 4358 911 4400 a
927 4342 1040 4434 myyte
1054 4336 1128 4400 lord
1142 4335 1180 4400 of
1192 4335 1260 4400 thie
1277 4356 1361 4422 your

309 4437 429 4500 realme
451 4437 489 4502 of
506 4439 678 4525 Englondc
700 4437 751 4503 for
773 4444 809 4503 to
832 4438 873 4503 be
897 4459 984 4523 your
1006 4435 1207 4503 Lieutcnant
1222 4436 1260 4502 of
1275 4457 1362 4523 your

309 4537 399 4602 saide
414 4538 521 4616 lande,
538 4539 614 4604 that
641 4546 733 4625 tyme
747 4540 860 4626 beyng
876 4538 966 4604 there
989 4542 1121 4626 present
1145 4537 1200 4602 the
1225 4538 1302 4603 Erle
1328 4540 1362 4603 ol

310 4639 477 4705 Ormunde
493 4661 529 4704 ae
544 4640 676 4728 Deputc
690 4647 727 4706 to
741 4640 799 4706 the
815 4641 921 4706 Lorde
931 4638 1057 4725 Wellys
1073 4638 1154 4704 than
1169 4661 1254 4724 your
1266 4638 1362 4705 Lieu-

310 4745 430 4806 tenant
454 4742 556 4808 there.
604 4743 716 4808 Pleaee
748 4764 832 4828 your
857 4742 1014 4829 Heghncs
1038 4747 1074 4808 to
1100 4741 1141 4806 bc
1167 4741 1362 4810 enfowrmet
